[{"model": "auth.permission", "pk": 1, "fields": {"name": "Can add log entry", "content_type": 1, "codename": "add_logentry"}}, {"model": "auth.permission", "pk": 2, "fields": {"name": "Can change log entry", "content_type": 1, "codename": "change_logentry"}}, {"model": "auth.permission", "pk": 3, "fields": {"name": "Can delete log entry", "content_type": 1, "codename": "delete_logentry"}}, {"model": "auth.permission", "pk": 4, "fields": {"name": "Can view log entry", "content_type": 1, "codename": "view_logentry"}}, {"model": "auth.permission", "pk": 5, "fields": {"name": "Can add permission", "content_type": 2, "codename": "add_permission"}}, {"model": "auth.permission", "pk": 6, "fields": {"name": "Can change permission", "content_type": 2, "codename": "change_permission"}}, {"model": "auth.permission", "pk": 7, "fields": {"name": "Can delete permission", "content_type": 2, "codename": "delete_permission"}}, {"model": "auth.permission", "pk": 8, "fields": {"name": "Can view permission", "content_type": 2, "codename": "view_permission"}}, {"model": "auth.permission", "pk": 9, "fields": {"name": "Can add group", "content_type": 3, "codename": "add_group"}}, {"model": "auth.permission", "pk": 10, "fields": {"name": "Can change group", "content_type": 3, "codename": "change_group"}}, {"model": "auth.permission", "pk": 11, "fields": {"name": "Can delete group", "content_type": 3, "codename": "delete_group"}}, {"model": "auth.permission", "pk": 12, "fields": {"name": "Can view group", "content_type": 3, "codename": "view_group"}}, {"model": "auth.permission", "pk": 13, "fields": {"name": "Can add user", "content_type": 4, "codename": "add_user"}}, {"model": "auth.permission", "pk": 14, "fields": {"name": "Can change user", "content_type": 4, "codename": "change_user"}}, {"model": "auth.permission", "pk": 15, "fields": {"name": "Can delete user", "content_type": 4, "codename": "delete_user"}}, {"model": "auth.permission", "pk": 16, "fields": {"name": "Can view user", "content_type": 4, "codename": "view_user"}}, {"model": "auth.permission", "pk": 17, "fields": {"name": "Can add user add field", "content_type": 5, "codename": "add_useraddfield"}}, {"model": "auth.permission", "pk": 18, "fields": {"name": "Can change user add field", "content_type": 5, "codename": "change_useraddfield"}}, {"model": "auth.permission", "pk": 19, "fields": {"name": "Can delete user add field", "content_type": 5, "codename": "delete_useraddfield"}}, {"model": "auth.permission", "pk": 20, "fields": {"name": "Can view user add field", "content_type": 5, "codename": "view_useraddfield"}}, {"model": "auth.permission", "pk": 21, "fields": {"name": "Can add journal", "content_type": 6, "codename": "add_journal"}}, {"model": "auth.permission", "pk": 22, "fields": {"name": "Can change journal", "content_type": 6, "codename": "change_journal"}}, {"model": "auth.permission", "pk": 23, "fields": {"name": "Can delete journal", "content_type": 6, "codename": "delete_journal"}}, {"model": "auth.permission", "pk": 24, "fields": {"name": "Can view journal", "content_type": 6, "codename": "view_journal"}}, {"model": "auth.permission", "pk": 25, "fields": {"name": "Can add comment", "content_type": 7, "codename": "add_comment"}}, {"model": "auth.permission", "pk": 26, "fields": {"name": "Can change comment", "content_type": 7, "codename": "change_comment"}}, {"model": "auth.permission", "pk": 27, "fields": {"name": "Can delete comment", "content_type": 7, "codename": "delete_comment"}}, {"model": "auth.permission", "pk": 28, "fields": {"name": "Can view comment", "content_type": 7, "codename": "view_comment"}}, {"model": "auth.permission", "pk": 29, "fields": {"name": "Can add genre", "content_type": 8, "codename": "add_genre"}}, {"model": "auth.permission", "pk": 30, "fields": {"name": "Can change genre", "content_type": 8, "codename": "change_genre"}}, {"model": "auth.permission", "pk": 31, "fields": {"name": "Can delete genre", "content_type": 8, "codename": "delete_genre"}}, {"model": "auth.permission", "pk": 32, "fields": {"name": "Can view genre", "content_type": 8, "codename": "view_genre"}}, {"model": "auth.permission", "pk": 33, "fields": {"name": "Can add movie", "content_type": 9, "codename": "add_movie"}}, {"model": "auth.permission", "pk": 34, "fields": {"name": "Can change movie", "content_type": 9, "codename": "change_movie"}}, {"model": "auth.permission", "pk": 35, "fields": {"name": "Can delete movie", "content_type": 9, "codename": "delete_movie"}}, {"model": "auth.permission", "pk": 36, "fields": {"name": "Can view movie", "content_type": 9, "codename": "view_movie"}}, {"model": "auth.permission", "pk": 37, "fields": {"name": "Can add Token", "content_type": 10, "codename": "add_token"}}, {"model": "auth.permission", "pk": 38, "fields": {"name": "Can change Token", "content_type": 10, "codename": "change_token"}}, {"model": "auth.permission", "pk": 39, "fields": {"name": "Can delete Token", "content_type": 10, "codename": "delete_token"}}, {"model": "auth.permission", "pk": 40, "fields": {"name": "Can view Token", "content_type": 10, "codename": "view_token"}}, {"model": "auth.permission", "pk": 41, "fields": {"name": "Can add token", "content_type": 11, "codename": "add_tokenproxy"}}, {"model": "auth.permission", "pk": 42, "fields": {"name": "Can change token", "content_type": 11, "codename": "change_tokenproxy"}}, {"model": "auth.permission", "pk": 43, "fields": {"name": "Can delete token", "content_type": 11, "codename": "delete_tokenproxy"}}, {"model": "auth.permission", "pk": 44, "fields": {"name": "Can view token", "content_type": 11, "codename": "view_tokenproxy"}}, {"model": "auth.permission", "pk": 45, "fields": {"name": "Can add site", "content_type": 12, "codename": "add_site"}}, {"model": "auth.permission", "pk": 46, "fields": {"name": "Can change site", "content_type": 12, "codename": "change_site"}}, {"model": "auth.permission", "pk": 47, "fields": {"name": "Can delete site", "content_type": 12, "codename": "delete_site"}}, {"model": "auth.permission", "pk": 48, "fields": {"name": "Can view site", "content_type": 12, "codename": "view_site"}}, {"model": "auth.permission", "pk": 49, "fields": {"name": "Can add email address", "content_type": 13, "codename": "add_emailaddress"}}, {"model": "auth.permission", "pk": 50, "fields": {"name": "Can change email address", "content_type": 13, "codename": "change_emailaddress"}}, {"model": "auth.permission", "pk": 51, "fields": {"name": "Can delete email address", "content_type": 13, "codename": "delete_emailaddress"}}, {"model": "auth.permission", "pk": 52, "fields": {"name": "Can view email address", "content_type": 13, "codename": "view_emailaddress"}}, {"model": "auth.permission", "pk": 53, "fields": {"name": "Can add email confirmation", "content_type": 14, "codename": "add_emailconfirmation"}}, {"model": "auth.permission", "pk": 54, "fields": {"name": "Can change email confirmation", "content_type": 14, "codename": "change_emailconfirmation"}}, {"model": "auth.permission", "pk": 55, "fields": {"name": "Can delete email confirmation", "content_type": 14, "codename": "delete_emailconfirmation"}}, {"model": "auth.permission", "pk": 56, "fields": {"name": "Can view email confirmation", "content_type": 14, "codename": "view_emailconfirmation"}}, {"model": "auth.permission", "pk": 57, "fields": {"name": "Can add social account", "content_type": 15, "codename": "add_socialaccount"}}, {"model": "auth.permission", "pk": 58, "fields": {"name": "Can change social account", "content_type": 15, "codename": "change_socialaccount"}}, {"model": "auth.permission", "pk": 59, "fields": {"name": "Can delete social account", "content_type": 15, "codename": "delete_socialaccount"}}, {"model": "auth.permission", "pk": 60, "fields": {"name": "Can view social account", "content_type": 15, "codename": "view_socialaccount"}}, {"model": "auth.permission", "pk": 61, "fields": {"name": "Can add social application", "content_type": 16, "codename": "add_socialapp"}}, {"model": "auth.permission", "pk": 62, "fields": {"name": "Can change social application", "content_type": 16, "codename": "change_socialapp"}}, {"model": "auth.permission", "pk": 63, "fields": {"name": "Can delete social application", "content_type": 16, "codename": "delete_socialapp"}}, {"model": "auth.permission", "pk": 64, "fields": {"name": "Can view social application", "content_type": 16, "codename": "view_socialapp"}}, {"model": "auth.permission", "pk": 65, "fields": {"name": "Can add social application token", "content_type": 17, "codename": "add_socialtoken"}}, {"model": "auth.permission", "pk": 66, "fields": {"name": "Can change social application token", "content_type": 17, "codename": "change_socialtoken"}}, {"model": "auth.permission", "pk": 67, "fields": {"name": "Can delete social application token", "content_type": 17, "codename": "delete_socialtoken"}}, {"model": "auth.permission", "pk": 68, "fields": {"name": "Can view social application token", "content_type": 17, "codename": "view_socialtoken"}}, {"model": "auth.permission", "pk": 69, "fields": {"name": "Can add content type", "content_type": 18, "codename": "add_contenttype"}}, {"model": "auth.permission", "pk": 70, "fields": {"name": "Can change content type", "content_type": 18, "codename": "change_contenttype"}}, {"model": "auth.permission", "pk": 71, "fields": {"name": "Can delete content type", "content_type": 18, "codename": "delete_contenttype"}}, {"model": "auth.permission", "pk": 72, "fields": {"name": "Can view content type", "content_type": 18, "codename": "view_contenttype"}}, {"model": "auth.permission", "pk": 73, "fields": {"name": "Can add session", "content_type": 19, "codename": "add_session"}}, {"model": "auth.permission", "pk": 74, "fields": {"name": "Can change session", "content_type": 19, "codename": "change_session"}}, {"model": "auth.permission", "pk": 75, "fields": {"name": "Can delete session", "content_type": 19, "codename": "delete_session"}}, {"model": "auth.permission", "pk": 76, "fields": {"name": "Can view session", "content_type": 19, "codename": "view_session"}}, {"model": "movies.genre", "pk": 1, "fields": {"genre_name": "Action", "genre_id": 28}}, {"model": "movies.genre", "pk": 2, "fields": {"genre_name": "Adventure", "genre_id": 12}}, {"model": "movies.genre", "pk": 3, "fields": {"genre_name": "Animation", "genre_id": 16}}, {"model": "movies.genre", "pk": 4, "fields": {"genre_name": "Comedy", "genre_id": 35}}, {"model": "movies.genre", "pk": 5, "fields": {"genre_name": "Crime", "genre_id": 80}}, {"model": "movies.genre", "pk": 6, "fields": {"genre_name": "Documentary", "genre_id": 99}}, {"model": "movies.genre", "pk": 7, "fields": {"genre_name": "Drama", "genre_id": 18}}, {"model": "movies.genre", "pk": 8, "fields": {"genre_name": "Family", "genre_id": 10751}}, {"model": "movies.genre", "pk": 9, "fields": {"genre_name": "Fantasy", "genre_id": 14}}, {"model": "movies.genre", "pk": 10, "fields": {"genre_name": "History", "genre_id": 36}}, {"model": "movies.genre", "pk": 11, "fields": {"genre_name": "Horror", "genre_id": 27}}, {"model": "movies.genre", "pk": 12, "fields": {"genre_name": "Music", "genre_id": 10402}}, {"model": "movies.genre", "pk": 13, "fields": {"genre_name": "Mystery", "genre_id": 9648}}, {"model": "movies.genre", "pk": 14, "fields": {"genre_name": "Romance", "genre_id": 10749}}, {"model": "movies.genre", "pk": 15, "fields": {"genre_name": "Science Fiction", "genre_id": 878}}, {"model": "movies.genre", "pk": 16, "fields": {"genre_name": "TV Movie", "genre_id": 10770}}, {"model": "movies.genre", "pk": 17, "fields": {"genre_name": "Thriller", "genre_id": 53}}, {"model": "movies.genre", "pk": 18, "fields": {"genre_name": "War", "genre_id": 10752}}, {"model": "movies.genre", "pk": 19, "fields": {"genre_name": "Western", "genre_id": 37}}, {"model": "movies.movie", "pk": 1, "fields": {"poster_path": "/mEdMHGy1FfCUc7PskFO0tibm8jp.jpg", "backdrop_path": "/bQXAqRx2Fgc46uCVWgoPz5L5Dtr.jpg", "original_title": "Black Adam", "title": "블랙 아담", "original_language": "en", "runtime": 125, "revenue": 351000000, "budget": 200000000, "vote_count": 1270, "adult": 0, "movie_id": 436270, "vote_average": 6.8, "popularity": 23828.993, "release_date": "2022-10-19", "overview": "기원전 가장 번성하고 위대한 고대 국가였지만 현재는 국제 군사 조직 인터갱의 독재 국가로 전락한 칸다크. 인터갱의 눈을 피해 고대 유물을 찾던 '아드리아나'는 우연히 5000년 동안 잠들어 있던 '블랙 아담'을 깨우게 된다.  엄청난 괴력과 스피드, 방탄 능력과 자유자재의 고공비행, 번개를 쏘는 능력까지. 온몸이 무기인 '블랙 아담'은 자신의 앞을 막아서는 인터갱들을 모조리 쓸어버리고 칸다크 국민들은 이에 열광한다. 한편, 그의 폭주를 막기 위해 호크맨, 닥터 페이트, 아톰 스매셔, 사이클론으로 구성된 히어로 군단 '저스티스 소사이어티'가 칸다크에 나타나는데...", "genre": [1, 9, 15]}}, {"model": "movies.movie", "pk": 2, "fields": {"poster_path": "/8ncuVFt4e0M2NTTsoPtbxfWN5dO.jpg", "backdrop_path": "/olPXihyFeeNvnaD6IOBltgIV1FU.jpg", "original_title": "Smile", "title": "스마일", "original_language": "en", "runtime": 115, "revenue": 209981872, "budget": 17000000, "vote_count": 779, "adult": 0, "movie_id": 882598, "vote_average": 6.9, "popularity": 4111.786, "release_date": "2022-09-23", "overview": "기괴한 미소를 지으며 자신의 눈 앞에서 목숨을 끊는 환자를 목격한 정신과 의사 ‘로즈’. 그날 이후로 ‘로즈’의 일상에 설명할 수 없는 끔찍한 일들이 잇따라 발생한다. 일상을 덮친 공포에 발버둥치던 ‘로즈’는 이전에도 자신과 같은 일을 겪은 사람들이 있었고 그들 모두 끔찍한 죽음을 피할 수 없었다는 사실을 알게 된다. 시시각각 다가오는 죽음에서 벗어나기 위해 사투를 벌이던 로즈는 잊고 싶던 과거와 마주하게 되는데…", "genre": [11, 13, 17]}}, {"model": "movies.movie", "pk": 3, "fields": {"poster_path": "/3PCRWLeqp5y20k6XVzcamZR3BWF.jpg", "backdrop_path": "/yYrvN5WFeGYjJnRzhY0QXuo4Isw.jpg", "original_title": "Black Panther: Wakanda Forever", "title": "블랙 팬서: 와칸다 포에버", "original_language": "en", "runtime": 162, "revenue": 400412568, "budget": 250000000, "vote_count": 893, "adult": 0, "movie_id": 505642, "vote_average": 7.5, "popularity": 3864.722, "release_date": "2022-11-09", "overview": "국왕이자 블랙 팬서인 티찰라의 죽음 이후 수많은 강대국으로부터 위협을 받게 된 와칸다. 라몬다, 슈리 그리고 나키아, 오코예, 음바쿠는 각자 사명감을 갖고 와칸다를 지키기 위해 외로운 싸움을 이어간다. 한편, 비브라늄의 패권을 둘러싼 미스터리한 음모와 함께 깊은 해저에서 모습을 드러낸 최강의 적 네이머와 탈로칸의 전사들은 와칸다를 향해 무차별 공격을 퍼붓기 시작하는데…", "genre": [1, 2, 15]}}, {"model": "movies.movie", "pk": 4, "fields": {"poster_path": "/b6IRp6Pl2Fsq37r9jFhGoLtaqHm.jpg", "backdrop_path": "/y5Z0WesTjvn59jP6yo459eUsbli.jpg", "original_title": "Terrifier 2", "title": "테리파이어 2", "original_language": "en", "runtime": 138, "revenue": 10155347, "budget": 250000, "vote_count": 645, "adult": 0, "movie_id": 663712, "vote_average": 7.0, "popularity": 2492.938, "release_date": "2022-10-06", "overview": "", "genre": [11, 17]}}, {"model": "movies.movie", "pk": 5, "fields": {"poster_path": "/4njdAkiBdC5LnFApeXSkFQ78GdT.jpg", "backdrop_path": "/aQOWnw3HydsCQZ10O0wvxFOaWc3.jpg", "original_title": "Medieval", "title": "미디벌", "original_language": "en", "runtime": 126, "revenue": 0, "budget": 23000000, "vote_count": 154, "adult": 0, "movie_id": 551271, "vote_average": 7.2, "popularity": 2207.869, "release_date": "2022-09-08", "overview": "", "genre": [1, 7, 10]}}, {"model": "movies.movie", "pk": 6, "fields": {"poster_path": "/8ZJjRunZbkMSXcRHiqAdQiecXYz.jpg", "backdrop_path": "/tUBN1paMQ1tmVA5Sjy1ZjPWVsiF.jpg", "original_title": "Tadeo Jones 3: La Tabla Esmeralda", "title": "Tadeo Jones 3: La Tabla Esmeralda", "original_language": "es", "runtime": 89, "revenue": 0, "budget": 0, "vote_count": 97, "adult": 0, "movie_id": 676701, "vote_average": 7.8, "popularity": 1778.809, "release_date": "2022-08-24", "overview": "", "genre": [2, 3, 4, 8, 9]}}, {"model": "movies.movie", "pk": 7, "fields": {"poster_path": "/S6fDnntDjduIWuLW2GcqFasobD.jpg", "backdrop_path": "/u9Io1hVnxb2b3T0z99aOK8sq0SN.jpg", "original_title": "Enola Holmes 2", "title": "에놀라 홈즈 2", "original_language": "en", "runtime": 129, "revenue": 0, "budget": 0, "vote_count": 1024, "adult": 0, "movie_id": 829280, "vote_average": 7.7, "popularity": 1836.272, "release_date": "2022-11-04", "overview": "탐정이 된 후 첫 번째 사건을 수임한 에놀라. 하지만 실종된 소녀의 미스터리를 풀기 위해서는 친구들의 도움이 필요하다. 어쩌면 오빠 셜록의 도움까지도.", "genre": [2, 5, 13]}}, {"model": "movies.movie", "pk": 8, "fields": {"poster_path": "/qVVegwPsW6n9unBtLWq1rzOutka.jpg", "backdrop_path": "/tIX6j3NzadlwGcJ52nuWdmtOQkg.jpg", "original_title": "Jeepers Creepers: Reborn", "title": "Jeepers Creepers: Reborn", "original_language": "en", "runtime": 88, "revenue": 2892594, "budget": 20000000, "vote_count": 477, "adult": 0, "movie_id": 717728, "vote_average": 5.8, "popularity": 1967.334, "release_date": "2022-09-15", "overview": "", "genre": [11, 13, 17]}}, {"model": "movies.movie", "pk": 9, "fields": {"poster_path": "/iZvzMpREGiqDQ5eYbx8z70qPgst.jpg", "backdrop_path": "/gVecEIEZLZg3pV5CACXAB48I6au.jpg", "original_title": "Emily the Criminal", "title": "에밀리 더 크리미널", "original_language": "en", "runtime": 97, "revenue": 0, "budget": 0, "vote_count": 192, "adult": 0, "movie_id": 862965, "vote_average": 6.9, "popularity": 1840.528, "release_date": "2022-08-12", "overview": "", "genre": [5, 7, 13, 17]}}, {"model": "movies.movie", "pk": 10, "fields": {"poster_path": "/jVmWI8PqoVTHCnrLYAcyrclzeY0.jpg", "backdrop_path": "/f9g3R9gq0bASip9RnK2H56dbb5j.jpg", "original_title": "On the Line", "title": "온 더 라인", "original_language": "en", "runtime": 104, "revenue": 0, "budget": 0, "vote_count": 125, "adult": 0, "movie_id": 979924, "vote_average": 6.5, "popularity": 1726.511, "release_date": "2022-10-31", "overview": "진행자가 전화를 받는데, 이 전화에서 정체를 알 수 없는 사람이  쇼맨의 온 가족을 죽이겠다고 협박합니다. 사랑하는 사람들을 구하기 위해  라디오 진행자는 생존 게임을 해야 할 것이고  이길 수 있는 유일한 방법은 범인의 신원을 알아내는 것입니다.", "genre": [17]}}, {"model": "movies.movie", "pk": 11, "fields": {"poster_path": "/g4yJTzMtOBUTAR2Qnmj8TYIcFVq.jpg", "backdrop_path": "/kmzppWh7ljL6K9fXW72bPN3gKwu.jpg", "original_title": "R.I.P.D. 2: Rise of the Damned", "title": "R.I.P.D.:알.아이.피.디.  2", "original_language": "en", "runtime": 102, "revenue": 0, "budget": 0, "vote_count": 124, "adult": 0, "movie_id": 1013860, "vote_average": 7.0, "popularity": 2373.629, "release_date": "2022-11-15", "overview": "", "genre": [1, 4, 5, 9]}}, {"model": "movies.movie", "pk": 12, "fields": {"poster_path": "/8huJowZK1t7MNLEKo3dgLAxmiLW.jpg", "backdrop_path": "/1DBDwevWS8OhiT3wqqlW7KGPd6m.jpg", "original_title": "Fall", "title": "폴: 600미터", "original_language": "en", "runtime": 107, "revenue": 11900000, "budget": 3000000, "vote_count": 1762, "adult": 0, "movie_id": 985939, "vote_average": 7.3, "popularity": 1519.421, "release_date": "2022-08-11", "overview": "내려갈 길이 끊겨버린 600미터 TV 타워 위에서  두 명의 친구가 살아남기 위해 펼치는 사상 최초의 고공 서바이벌 여기에서", "genre": [17]}}, {"model": "movies.movie", "pk": 13, "fields": {"poster_path": "/qYrbTmCQ6C4tVt7exVXTOJy7VUc.jpg", "backdrop_path": "/mqsPyyeDCBAghXyjbw4TfEYwljw.jpg", "original_title": "Im Westen nichts Neues", "title": "서부 전선 이상 없다", "original_language": "de", "runtime": 147, "revenue": 0, "budget": 0, "vote_count": 863, "adult": 0, "movie_id": 49046, "vote_average": 7.8, "popularity": 1399.58, "release_date": "2022-10-07", "overview": "제1차 세계대전 당시 서부전선에서 싸운 독일군 청년의 강렬한 이야기.  젊은 사병과 전우들은 참호 속에서 사투를 벌이며,  처음 전쟁에 대해 느꼈던 환상과 도취감이  어떻게 절망과 공포로 변해가는지를 생생하게 체험한다.", "genre": [1, 7, 18]}}, {"model": "movies.movie", "pk": 14, "fields": {"poster_path": "/vKIhsEVEtLTwTkmLSDNi230Zr3Q.jpg", "backdrop_path": "/5GA3vV1aWWHTSDO5eno8V5zDo8r.jpg", "original_title": "Orphan: First Kill", "title": "오펀: 천사의 탄생", "original_language": "en", "runtime": 99, "revenue": 9572765, "budget": 0, "vote_count": 1312, "adult": 0, "movie_id": 760161, "vote_average": 6.8, "popularity": 1193.891, "release_date": "2022-07-27", "overview": "엄청난 비밀을 숨긴 사이코패스가 에스토니아의 정신병동을 탈출, 부유한 가족의 실종된 딸 ‘에스더’로 사칭해 미국에 온다. 재회의 기쁨도 잠시, 어딘지 낯선 딸의 정체를 눈치챈 엄마는 가족을 지키기 위해 에스더와 맞서는데...  누구도 상상 못한 충격적인 반전이 기다린다!", "genre": [11, 17]}}, {"model": "movies.movie", "pk": 15, "fields": {"poster_path": "/xdmmd437QdjcCls8yCQxrH5YYM4.jpg", "backdrop_path": "/au4HUSWDRadIcl9CqySlw1kJMfo.jpg", "original_title": "Paradise City", "title": "파라다이스 시티", "original_language": "en", "runtime": 93, "revenue": 0, "budget": 20000000, "vote_count": 12, "adult": 0, "movie_id": 829799, "vote_average": 6.2, "popularity": 1775.857, "release_date": "2022-11-11", "overview": "", "genre": [1, 5, 17]}}, {"model": "movies.movie", "pk": 16, "fields": {"poster_path": "/sWoYDNPNZs5MtzPbirXV73tIHrA.jpg", "backdrop_path": "/sqVxhRkPwOo6jogWZjE99V1HRE1.jpg", "original_title": "The Soccer Football Movie", "title": "미션 축구: 돌연변이를 무찔러라!", "original_language": "en", "runtime": 74, "revenue": 0, "budget": 0, "vote_count": 35, "adult": 0, "movie_id": 1037858, "vote_average": 6.9, "popularity": 1146.382, "release_date": "2022-11-09", "overview": "좋아하는 축구선수들의 재능이 사라졌다. 바로 사악한 과학자가 다 훔쳐갔기 때문! 축구를 사랑하는 네 아이들이 이 상황을 되돌릴 수 있을까?", "genre": [3, 4, 8]}}, {"model": "movies.movie", "pk": 17, "fields": {"poster_path": "/dXCjoI3jdtBrwPHgVsyNLkl8Rvs.jpg", "backdrop_path": "/2cQMVHBaP1wK0UBX5SGDahB3lp3.jpg", "original_title": "Watcher", "title": "왓쳐", "original_language": "en", "runtime": 96, "revenue": 2667033, "budget": 0, "vote_count": 298, "adult": 0, "movie_id": 807356, "vote_average": 6.2, "popularity": 1015.485, "release_date": "2022-06-03", "overview": "한 젊은 미국 여성이 남편과 함께 루마니아의 부쿠레슈티로 이사한 뒤 길 건너편 아파트에서 자신을 지켜보는 낯선 사람이 연쇄 살인범일 수도 있다고 의심을 하기 시작하면서 여성에게 벌어지는 공포스러운 이야기를 담은 영화", "genre": [11, 13, 17]}}, {"model": "movies.movie", "pk": 18, "fields": {"poster_path": "/4x9qZaUrM1mDXcSKn3xNuB2dHNE.jpg", "backdrop_path": "/aAVq3LZ7pRykg6tX0J4gcyT2hLn.jpg", "original_title": "Falling for Christmas", "title": "폴링 포 크리스마스", "original_language": "en", "runtime": 95, "revenue": 0, "budget": 0, "vote_count": 248, "adult": 0, "movie_id": 833097, "vote_average": 6.6, "popularity": 840.216, "release_date": "2022-11-10", "overview": "스키 여행 중 사고로 기억을 잃은 철없는 상속녀. 아내와 사별 후 힘든 상황에 놓인 남자와 딸의 포근한 보살핌 속에 크리스마스를 보낸다.", "genre": [4, 14]}}, {"model": "movies.movie", "pk": 19, "fields": {"poster_path": "/jcTq6gIskCsHlKDvCKKouEfiU66.jpg", "backdrop_path": "/yo0qfH2dQGGMxkfivdkz5zxVatD.jpg", "original_title": "The Invitation", "title": "디 인비테이션", "original_language": "en", "runtime": 105, "revenue": 30000000, "budget": 10000000, "vote_count": 327, "adult": 0, "movie_id": 830788, "vote_average": 6.4, "popularity": 912.666, "release_date": "2022-08-24", "overview": "가족이 없는 이비는 우연히 DNA 검사를 받기로 결정한 후, 그녀가  몰랐던 먼 친척이 있음을 발견한다. 새로운 친척의 초대를 받은 이비는 멋진 영국 시골 결혼식에 참석을 하게 된다. 대저택의 영주인 월터를 만나게 되면서 그녀가 몰랐던 자신의 끔찍한 배경과 가족의 과거에 대한 어둡고 뒤틀린 비밀을 알게 되는데...", "genre": [11, 17]}}, {"model": "movies.movie", "pk": 20, "fields": {"poster_path": "/jeqXUwNilvNqNXqAHsdwm5pEfae.jpg", "backdrop_path": "/odJ4hx6g6vBt4lBWKFD1tI8WS4x.jpg", "original_title": "Top Gun: Maverick", "title": "탑건: 매버릭", "original_language": "en", "runtime": 131, "revenue": 1482656000, "budget": 170000000, "vote_count": 4795, "adult": 0, "movie_id": 361743, "vote_average": 8.3, "popularity": 888.065, "release_date": "2022-05-24", "overview": "최고의 파일럿이자 전설적인 인물 매버릭은 자신이 졸업한 훈련학교 교관으로 발탁된다. 그의 명성을 모르던 팀원들은 매버릭의 지시를 무시하지만 실전을 방불케 하는 상공 훈련에서 눈으로 봐도 믿기 힘든 전설적인 조종 실력에 모두가 압도된다. 매버릭의 지휘 아래 견고한 팀워크를 쌓아가던 팀원들에게 국경을 뛰어넘는 위험한 임무가 주어지자 매버릭은 자신이 가르친 동료들과 함께 마지막이 될지 모를 하늘 위 비행에 나서는데...", "genre": [1, 7]}}, {"model": "movies.movie", "pk": 21, "fields": {"poster_path": "/voddFVdjUoAtfoZZp2RUmuZILDI.jpg", "backdrop_path": "/14QbnygCuTO0vl7CAFmPf1fgZfV.jpg", "original_title": "Spider-Man: No Way Home", "title": "스파이더맨: 노 웨이 홈", "original_language": "en", "runtime": 148, "revenue": 1916050941, "budget": 200000000, "vote_count": 15871, "adult": 0, "movie_id": 634649, "vote_average": 8.0, "popularity": 849.272, "release_date": "2021-12-15", "overview": "미스테리오의 계략으로 세상에 정체가 탄로난 스파이더맨 피터 파커는 하루 아침에 평범한 일상을 잃게 된다. 문제를 해결하기 위해 닥터 스트레인지를 찾아가 도움을 청하지만 뜻하지 않게 멀티버스가 열리면서 각기 다른 차원의 불청객들이 나타난다. 닥터 옥토퍼스를 비롯해 스파이더맨에게 깊은 원한을 가진 숙적들의 강력한 공격에 피터 파커는 사상 최악의 위기를 맞게 되는데…", "genre": [1, 2, 15]}}, {"model": "movies.movie", "pk": 22, "fields": {"poster_path": "/kmCjZjm4CHuuJdwUdn3h93WqDdR.jpg", "backdrop_path": "/2iGUavwv86Hubv3V5Iq4qEQXDfE.jpg", "original_title": "Cerdita", "title": "피기", "original_language": "es", "runtime": 100, "revenue": 380512, "budget": 2400000, "vote_count": 209, "adult": 0, "movie_id": 848058, "vote_average": 6.7, "popularity": 817.801, "release_date": "2022-10-07", "overview": "스페인 남부의 여름. 사라는 냉담한 가족들이 경영하는 정육점에 박혀 다른 누군가가 되는 것을 꿈꾼다. 설상가상 다른 여자아이들로부터 지속적인 괴롭힘을 당한다. 어느 날, 강에서 사라는 정체를 알 수 없는 낯선 사람이 사라를 괴롭혔던 아이들을 납치하는 것을 목격한다. 사라가 소리를 질러야 할까?", "genre": [7, 11, 17]}}, {"model": "movies.movie", "pk": 23, "fields": {"poster_path": "/uohymzBVaIYjbnoQstbnlia6ZPJ.jpg", "backdrop_path": "/ugS5FVfCI3RV0ZwZtBV3HAV75OX.jpg", "original_title": "ドラゴンボール超 スーパーヒーロー", "title": "드래곤볼 슈퍼: 슈퍼 히어로", "original_language": "ja", "runtime": 99, "revenue": 70000000, "budget": 0, "vote_count": 2038, "adult": 0, "movie_id": 610150, "vote_average": 8.0, "popularity": 741.948, "release_date": "2022-06-11", "overview": "2018년에 개봉한 에 이은  시리즈의 두 번째 영화", "genre": [1, 3, 15]}}, {"model": "movies.movie", "pk": 24, "fields": {"poster_path": "/q9Ul66mQDGpAvqUrTZdSMSzym5w.jpg", "backdrop_path": "/54PmeEzQMvpojpJBku61ZGQnWUX.jpg", "original_title": "ONE PIECE FILM RED", "title": "원피스 필름 레드", "original_language": "ja", "runtime": 115, "revenue": 150797338, "budget": 0, "vote_count": 184, "adult": 0, "movie_id": 900667, "vote_average": 7.4, "popularity": 573.257, "release_date": "2022-08-06", "overview": "오직 목소리 하나로 전 세계를 사로잡은 디바 ‘우타’.  그녀가 모습을 드러내는 첫 라이브 콘서트가 음악의 섬 ‘엘레지아’에서 열리고  ‘루피’가 이끄는 밀짚모자 해적단과 함께 수많은 ‘우타’ 팬들로 공연장은 가득 찬다.  그리고 이 콘서트를 둘러싼 해적들과 해군들의 수상한 움직임이 시작되는데…  드디어 전세계가 애타게 기다리던 ‘우타’의 등장과 함께 노래가 울려 퍼지고,  그녀가 ‘샹크스의 딸’이라는 충격적인 사실이 드러난다.  ‘루피’, ‘우타’, ‘샹크스’, 세 사람의 과거가 그녀의 노랫소리와 함께 밝혀진다! 여기에서", "genre": [1, 2, 3, 9]}}, {"model": "movies.movie", "pk": 25, "fields": {"poster_path": "/1ScxCajFdgMNWBn9BuFlB4sMTAJ.jpg", "backdrop_path": "/1UlTowc5vfrgXUVT6OnlU0TOiij.jpg", "original_title": "Halloween Ends", "title": "할로윈 엔드", "original_language": "en", "runtime": 111, "revenue": 103000000, "budget": 20000000, "vote_count": 962, "adult": 0, "movie_id": 616820, "vote_average": 6.5, "popularity": 577.736, "release_date": "2022-10-12", "overview": "4년 전 또 한번 할로윈의 악몽을 겪은 뒤 조용한 일상을 보내고 있는 ‘로리 스트로드’와 손녀 ‘앨리슨’.  어느 날 ‘앨리슨’은 베이비시터 살인자로 낙인 찍힌 ‘코리’와 만나게 되고 이 둘은 급격히 가까워진다.  하지만 ‘코리’에게서 ‘마이클 마이어스’와 같은 어두운 면모를 발견한 ‘로리 스트로드’는  그에게 ‘앨리슨’과 멀어지라고 경고한다.  이후 해든필드에 끔찍한 살인 사건이 벌어지면서 ‘마이클 마이어스’가 돌아왔다는 소문이 퍼지기 시작하고  ‘로리 스트로드’는 이제 그와의 악연을 끊어내려 하는데…", "genre": [11, 17]}}, {"model": "movies.movie", "pk": 26, "fields": {"poster_path": "/ifRFLx83Xk1DcwAS3OScgI6HmWO.jpg", "backdrop_path": "/fMymfWwgTfXh9RkBCFuaZrdn8Of.jpg", "original_title": "The Lair", "title": "더 레어", "original_language": "en", "runtime": 93, "revenue": 0, "budget": 0, "vote_count": 25, "adult": 0, "movie_id": 760204, "vote_average": 5.9, "popularity": 818.384, "release_date": "2022-10-28", "overview": "", "genre": [1, 11]}}, {"model": "movies.movie", "pk": 27, "fields": {"poster_path": "/a3ZpDsvNCQUOD7ApAs9y3mFwVU4.jpg", "backdrop_path": "/a6OX0pzbcPHstcNPK3FSJGq8Sxp.jpg", "original_title": "Mia and Me: The Hero of Centopia", "title": "Mia and Me: The Hero of Centopia", "original_language": "en", "runtime": 82, "revenue": 0, "budget": 0, "vote_count": 39, "adult": 0, "movie_id": 955644, "vote_average": 7.4, "popularity": 480.907, "release_date": "2022-05-26", "overview": "", "genre": [2, 3, 9]}}, {"model": "movies.movie", "pk": 28, "fields": {"poster_path": "/60hrKYVq6Y1QRJeHNbYo3tHDcUd.jpg", "backdrop_path": "/3ibGaDmgTdXY448ENZmtHEmhP6o.jpg", "original_title": "Don't Worry Darling", "title": "걱정말아요 그대", "original_language": "en", "runtime": 123, "revenue": 86000000, "budget": 35000000, "vote_count": 991, "adult": 0, "movie_id": 619730, "vote_average": 6.9, "popularity": 476.858, "release_date": "2022-09-21", "overview": "1950년대 미국 캘리포니아를 배경으로 유토피아 커뮤니티 내의 의심스러운 사건이 발생하는 것을 알게 된 주부가 남편의 충격적 비밀을 알게 되면서 벌어지는 심리 스릴러 영화", "genre": [13, 15, 17]}}, {"model": "movies.movie", "pk": 29, "fields": {"poster_path": "/63SDXxNKOA4ZfXvRCkF9B1y14Us.jpg", "backdrop_path": "/jBIMZ0AlUYuFNsKbd4L6FojWMoy.jpg", "original_title": "映画 五等分の花嫁", "title": "극장판 5등분의 신부", "original_language": "ja", "runtime": 136, "revenue": 0, "budget": 0, "vote_count": 102, "adult": 0, "movie_id": 820067, "vote_average": 9.0, "popularity": 507.683, "release_date": "2022-05-20", "overview": "「낙제 직전」「공부가 싫은」미소녀 다섯 쌍둥이를  아르바이트 가정 교사로서 「졸업」까지 이끈 후타로.  배우에 전념하기 위해 휴학하기로 한 이치카의 공부를 봐주면서  「학교 축제」 준비에 힘쓰는 후타로와,  후회 없는 「학교 축제」를 만들기 위해 평소 이상으로 노력하는 요츠바.  어지러운 날들이 지나고 정신을 차려보니 「학교 축제」 전날.  후타로는 포기하지 않고 힘쓰는 이츠키의 모습에 힘입어,  니노의 각오와 미쿠의 결의, 그리고 이치카·요츠바·이츠키에 대한 마음의 답을 찾는다.  저마다의 생각을 안고 있는 와중,  드디어 시작된 고교 생활 최후의(마지막) 이벤트인 「학교 축제」 첫날.  『학교 축제 첫날 15시에 교실에 와줘』  교실에 모인 다섯 쌍둥이는, 후타로에게 어떠한 마음을 고백 받게 될까?", "genre": [3, 4, 14]}}, {"model": "movies.movie", "pk": 30, "fields": {"poster_path": "/d0W61w08KPAxO63uuM0Xspxb27l.jpg", "backdrop_path": "/d3l7kgFJyLTTQSrR4ysCk5yeVyW.jpg", "original_title": "రౌద్రం రణం రుధిరం", "title": "RRR: 라이즈 로어 리볼트", "original_language": "te", "runtime": 187, "revenue": 160000000, "budget": 69000000, "vote_count": 510, "adult": 0, "movie_id": 579974, "vote_average": 7.8, "popularity": 463.183, "release_date": "2022-03-24", "overview": "위험한 임무에 나선 용맹한 전사. 영국을 위해 일하는 냉혹한 경찰과 맞대결을 펼친다. 독립 이전의 인도를 배경으로 한 대서사극.", "genre": [1, 7]}}, {"model": "movies.movie", "pk": 31, "fields": {"poster_path": "/6hgEe1w0An5fKi3ZqIUBwOyIN2y.jpg", "backdrop_path": "/gJESrIalQkXe7bh9ckyQvgCSlhq.jpg", "original_title": "My Father's Dragon", "title": "엘머의 모험", "original_language": "en", "runtime": 104, "revenue": 0, "budget": 0, "vote_count": 13, "adult": 0, "movie_id": 560052, "vote_average": 7.6, "popularity": 471.204, "release_date": "2022-11-04", "overview": "낯선 환경에 힘들어하던 엘머는 어느 섬에 갇혀있는 아기 드래곤을 구하기 위해 모험을 떠난다. 그리고 그 길에서 사나운 짐승들과 신비의 섬, 그리고 최고의 우정을 만나게 된다.", "genre": [2, 3, 4, 8, 9]}}, {"model": "movies.movie", "pk": 32, "fields": {"poster_path": "/5dsX6UAHqkQz1kiV8bs8SvjyVNa.jpg", "backdrop_path": "/apBUC70udhxoLzXo7DqclQ6gcXo.jpg", "original_title": "Wendell & Wild", "title": "웬델 & 와일드", "original_language": "en", "runtime": 107, "revenue": 0, "budget": 0, "vote_count": 126, "adult": 0, "movie_id": 511817, "vote_average": 6.8, "popularity": 380.408, "release_date": "2022-10-21", "overview": "교활한 악마 형제 웬델 과 와일드 는 어두운 과거와 죄책감으로 가득한 10대 소녀 캣 엘리엇에게 산 자들의 세상으로 자신들을 소환해 달라고 도움을 청한다. 그러나 캣이 두 형제에게 요구한 대가는 다른 무엇과도 비교할 수 없는 놀랍도록 기괴하고 코믹한 모험으로 이어져, 삶과 죽음의 법칙을 무시하는 판타지가 펼쳐진다.", "genre": [2, 3, 4, 9]}}, {"model": "movies.movie", "pk": 33, "fields": {"poster_path": "/ydbm5Ad1nyZq7eywWsw82Wxdsgg.jpg", "backdrop_path": "/u6WzMRpTkGzIlfsPNtDfIBfEy9z.jpg", "original_title": "The Stranger", "title": "더 스트레인저", "original_language": "en", "runtime": 117, "revenue": 0, "budget": 0, "vote_count": 109, "adult": 0, "movie_id": 848791, "vote_average": 6.2, "popularity": 359.288, "release_date": "2022-10-06", "overview": "살인 용의자와 진지하고 우정 어린 관계를 맺는 잠입 경찰. 그렇게 용의자의 신뢰를 얻어 자백을 유도하려 한다.", "genre": [5, 7, 13, 17]}}, {"model": "movies.movie", "pk": 34, "fields": {"poster_path": "/qXiIWXlDld14EBgcwlzzvi89y0g.jpg", "backdrop_path": "/92PJmMopfy64VYjd0HvIQaHGZX0.jpg", "original_title": "Paws of Fury: The Legend of Hank", "title": "블레이드 퍼피 워리어", "original_language": "en", "runtime": 98, "revenue": 24316785, "budget": 45000000, "vote_count": 183, "adult": 0, "movie_id": 366672, "vote_average": 6.7, "popularity": 359.854, "release_date": "2022-07-14", "overview": "고양이로 가득한 마을에서 위대한 워리어가 되는 꿈을 가진 사냥개 행크가 자신의 운명을 찾아 떠나는 이야기", "genre": [1, 3, 4, 8]}}, {"model": "movies.movie", "pk": 35, "fields": {"poster_path": "/rLrfEvJhQP3SubJR9SYwHWE9tlZ.jpg", "backdrop_path": "/dxihDyyA6RSAtLZog4l1MYdDqLD.jpg", "original_title": "Vesper", "title": "베스퍼", "original_language": "en", "runtime": 112, "revenue": 889529, "budget": 0, "vote_count": 199, "adult": 0, "movie_id": 976720, "vote_average": 6.8, "popularity": 569.477, "release_date": "2022-08-17", "overview": "몸이 마비된 아버지와 함께 생태계가 붕괴된 후 지구에서 살아남기 위해 고군분투하는 13세 소녀 베스퍼. 그녀가 가진 기지와 힘, 해킹 능력을 알아보는 신비한 여성을 만나게 되는데…", "genre": [2, 7, 15]}}, {"model": "movies.movie", "pk": 36, "fields": {"poster_path": "/pMlnxNg0NXmxlp5MHsQBGDWeU9j.jpg", "backdrop_path": "/2SEGjVLy7fYbovIyDR7IntH1jT2.jpg", "original_title": "Barbarian", "title": "바바리안", "original_language": "en", "runtime": 103, "revenue": 44422431, "budget": 10500000, "vote_count": 763, "adult": 0, "movie_id": 913290, "vote_average": 7.0, "popularity": 353.529, "release_date": "2022-09-08", "overview": "면접을 위해 디트로이트에 온 여성은 임대주택을 예약하지만 밤늦게 오니, 이중 예약으로, 이미 낯선 이가 있음을 알게 된다. 본의 아니게, 저녁을 보내기로 하지만, 곧 불청객보다 더 두려운 것이 많다는 걸 알게 된다.", "genre": [11, 17]}}, {"model": "movies.movie", "pk": 37, "fields": {"poster_path": "/k5TL1oBUqSr6dL9NlHGRr3vJcXd.jpg", "backdrop_path": "/9IDJpHROaC0S1ZlIxrvzOcOX5yC.jpg", "original_title": "The Bad Guys", "title": "배드 가이즈", "original_language": "en", "runtime": 100, "revenue": 248000000, "budget": 80000000, "vote_count": 1159, "adult": 0, "movie_id": 629542, "vote_average": 7.7, "popularity": 330.08, "release_date": "2022-03-17", "overview": "작전 설계부터 금고 해제, 해킹, 액션, 위장까지 완벽한 팀플레이를 펼치는 자타공인 최고의 나쁜 녀석들이 한순간의 실수로 체포된다.  하지만 그들도 착해질 수 있다는 ‘마멀레이드 박사’의 주장으로 나쁜 녀석들은 바른 생활 갓생 프로젝트에 투입되고, 이들은 다시 한번 자유의 몸을 위해 태어나 처음으로 바른 생활에 도전하게 되는데…  나쁜 녀석들의 사상 초유 바른 생활 갓생 프로젝트가 시작된다!", "genre": [1, 2, 3, 4, 5]}}, {"model": "movies.movie", "pk": 38, "fields": {"poster_path": "/2Bi9OTGNAkNjStDnMDR93GPgwFY.jpg", "backdrop_path": "/GFq9kYUnpRCnlbIbjPzNA96e0j.jpg", "original_title": "The Menu", "title": "더 메뉴", "original_language": "en", "runtime": 107, "revenue": 0, "budget": 35000000, "vote_count": 100, "adult": 0, "movie_id": 593643, "vote_average": 7.6, "popularity": 362.845, "release_date": "2022-11-17", "overview": "커플인 마고와 타일러는 까다롭기로 유명한 셰프, 슬로윅의 초청을 받아 어느 외딴섬 레스토랑의 저녁 식사에 참석하게 된다. 평소 슬로윅을 존경해왔던 타일러는 들뜬 마음으로 여러 유명인사들과 함께 섬으로 출발하는 배에 탑승한다. 레스토랑에 도착한 손님들은 슬로윅의 화려한 환대에 탄성을 자아낸다. 하지만 ‘음식은 또 다른 예술’이라는 슬로윅의 기괴한 집착에, 좋았던 분위기는 점차 이상한 방향으로 흐른다. 뭔가 심상치 않음을 감지한 마고는 이의를 제기하려 하지만, 이미 슬로윅의 음식에 푹 빠져버린 타일러에게 그녀의 제안은 안중에도 없다. 그런 와중에 슬로윅의 기괴한 집착은 점점 선을 넘기 시작하는데...", "genre": [4, 11, 17]}}, {"model": "movies.movie", "pk": 39, "fields": {"poster_path": "/op2y1gvqKhAh4yAPLwc4PlX3XRv.jpg", "backdrop_path": "/gEpeM4hrAcyzlO223DJQ7BKjuW9.jpg", "original_title": "늑대사냥", "title": "늑대사냥", "original_language": "ko", "runtime": 122, "revenue": 0, "budget": 0, "vote_count": 38, "adult": 0, "movie_id": 799379, "vote_average": 6.8, "popularity": 331.704, "release_date": "2022-09-28", "overview": "동남아시아로 도피한 인터폴 수배자들을 이송할 움직이는 교도소 프론티어 타이탄. 극악무도한 이들과 베테랑 형사들이 필리핀 마닐라 항구에 모이고 탈출을 꿈꾸는 종두, 한국으로 돌아가야만 하는 도일을 비롯해 이들은 각자의 목적과 경계심을 품고 탑승한다. 한국으로 향하던 중, 태평양 한 가운데에서 이들에게는 지금까지 보지 못한 극한의 상황과 마주하게 되는데…", "genre": [1, 15, 17]}}, {"model": "movies.movie", "pk": 40, "fields": {"poster_path": "/jkTAORlbp4P7UpyTFmxbFHVW3Kk.jpg", "backdrop_path": "/79PcXPpbDWql74h8Y00mNwbYMbS.jpg", "original_title": "Amsterdam", "title": "암스테르담", "original_language": "en", "runtime": 134, "revenue": 24211191, "budget": 80000000, "vote_count": 345, "adult": 0, "movie_id": 664469, "vote_average": 6.1, "popularity": 288.529, "release_date": "2022-09-27", "overview": "살인 사건에 휘말린 세명의 친구가 스스로 용의자가 되어 사건 뒤에 숨겨진 거대한 음모를 파헤치는 범죄 스릴러", "genre": [4, 5, 10, 13, 17]}}, {"model": "movies.movie", "pk": 41, "fields": {"poster_path": "/xDgnmbdWS59NtTPdzujdZGuPUPZ.jpg", "backdrop_path": "/mjV9gpXO2R2SOYI4ChJZiu6F1OE.jpg", "original_title": "Blackout", "title": "블랙아웃: 사라진 기억", "original_language": "en", "runtime": 81, "revenue": 0, "budget": 0, "vote_count": 87, "adult": 0, "movie_id": 759507, "vote_average": 5.5, "popularity": 311.42, "release_date": "2022-10-12", "overview": "기억을 잃은 채 멕시코 병원에서 깨어난 남자. 그는 얼마 지나지 않아 자기가 카르텔에 쫓기는 신세임을 알게 된다. 어떻게든 진실을 밝혀라, 최대한 빨리.", "genre": [1, 2, 17]}}, {"model": "movies.movie", "pk": 42, "fields": {"poster_path": "/ik65OsEXbik1I0Di7SX9Sqv04e9.jpg", "backdrop_path": "/bEvQgIO51dgrvnlxHFDpApbwG47.jpg", "original_title": "L.O.L. Surprise! Winter Fashion Show", "title": "L.O.L. Surprise! Winter Fashion Show", "original_language": "en", "runtime": 0, "revenue": 0, "budget": 0, "vote_count": 18, "adult": 0, "movie_id": 1039627, "vote_average": 7.9, "popularity": 314.977, "release_date": "2022-10-24", "overview": "", "genre": [3]}}, {"model": "movies.movie", "pk": 43, "fields": {"poster_path": "/8a2MIBV9LuPYbF5rOEAohjjMz9P.jpg", "backdrop_path": "/qzbsjUzN88CiSHemJXhKvHDS04B.jpg", "original_title": "Poker Face", "title": "포커 페이스", "original_language": "en", "runtime": 95, "revenue": 0, "budget": 0, "vote_count": 16, "adult": 0, "movie_id": 842934, "vote_average": 6.0, "popularity": 321.355, "release_date": "2022-11-16", "overview": "", "genre": [7, 17]}}, {"model": "movies.movie", "pk": 44, "fields": {"poster_path": "/1SJZmO5NbBEOLHYeou1OyfgcG9k.jpg", "backdrop_path": "/2UEKQtkx35hGCkgfA5lPVu7GaAm.jpg", "original_title": "映画ドラえもん のび太の宇宙小戦争 2021", "title": "도라에몽: 진구의 우주소전쟁 리틀스타워즈 2021", "original_language": "ja", "runtime": 108, "revenue": 0, "budget": 0, "vote_count": 5, "adult": 0, "movie_id": 782054, "vote_average": 5.6, "popularity": 265.016, "release_date": "2022-03-04", "overview": "여름방학 어느 날, 진구가 주운 작은 로켓 안에서 손바닥만 한 우주인 ‘파피’가 나타난다!  우주의 머나먼 곳에 있는 작은 별 ‘피리카’의 대통령인 그는  반란군에게서 도망쳐 지구에 왔다고 한다.  처음에는 너무 작은 ‘파피’의 사이즈에 당황하던 도라에몽과 진구는  비밀도구 ‘스몰 라이트’로 작아져서 함께 놀며 친구가 된다.  그러나 고래 형태의 우주전함이 ‘파피’를 붙잡기 위해 지구에 나타나 이들을 공격하고,  모두를 끌어들인 것에 책임감을 느낀 ‘파피’는 홀로 반란군에 맞서고자 하는데…  소중한 친구 ‘파피’와 그의 별을 지키기 위한  도라에몽과 친구들의 우주 모험이 시작된다!", "genre": [2, 3, 15]}}, {"model": "movies.movie", "pk": 45, "fields": {"poster_path": "/e7XEvt5UIENqtT2wvFdL4j5wj9r.jpg", "backdrop_path": "/3xQt2BjrFtMUOlVLYqrv0fre9li.jpg", "original_title": "The Tipping Point", "title": "The Tipping Point", "original_language": "zh", "runtime": 0, "revenue": 0, "budget": 0, "vote_count": 0, "adult": 0, "movie_id": 939754, "vote_average": 0.0, "popularity": 179.305, "release_date": "2022-11-11", "overview": "", "genre": [5, 7]}}, {"model": "movies.movie", "pk": 46, "fields": {"poster_path": "/uqd0w7sevlyBgcIAX1qg8LjsHFM.jpg", "backdrop_path": "/fI8hv1IqWUIUjx4YRfl6TWhdqHW.jpg", "original_title": "비상선언", "title": "비상선언", "original_language": "ko", "runtime": 140, "revenue": 19200000, "budget": 18052672, "vote_count": 88, "adult": 0, "movie_id": 626872, "vote_average": 7.7, "popularity": 286.184, "release_date": "2022-08-03", "overview": "베테랑 형사 팀장 인호는 비행기 테러 예고 영상 제보를 받고 사건을 수사하던 중 용의자가 실제로 KI501 항공편에 타고 있음을 파악한다.딸의 치료를 위해 비행 공포증임에도 불구하고 하와이로 떠나기로 한 재혁은 주변을 맴돌며 위협적인 말을 하는 낯선 이가 신경 쓰인다.인천에서 하와이로 이륙한 KI501 항공편에서 원인불명의 사망자가 나오고, 비행기 안은 물론 지상까지 혼란과 두려움의 현장으로 뒤바뀐다.이 소식을 들은 국토부 장관 숙희는 대테러센터를 구성하고 비행기를 착륙시킬 방법을 찾기 위해 긴급회의를 소집하는데…", "genre": [1, 7]}}, {"model": "movies.movie", "pk": 47, "fields": {"poster_path": "/qsaTulk2SsZQmIIDd1R6CtsQQPg.jpg", "backdrop_path": "/tPikLxAU77TP0uwgh5kXilNy5kO.jpg", "original_title": "Belli ciao", "title": "Belli ciao", "original_language": "it", "runtime": 87, "revenue": 0, "budget": 0, "vote_count": 92, "adult": 0, "movie_id": 773820, "vote_average": 5.7, "popularity": 268.344, "release_date": "2022-01-01", "overview": "", "genre": [4]}}, {"model": "movies.movie", "pk": 48, "fields": {"poster_path": "/wNSfX8GOCfusviA9yxuKv9Tc9Gq.jpg", "backdrop_path": "/lInZWt4JQXZw3VzGvTM2I56L7gB.jpg", "original_title": "Causeway", "title": "더 브릿지", "original_language": "en", "runtime": 96, "revenue": 0, "budget": 0, "vote_count": 102, "adult": 0, "movie_id": 595586, "vote_average": 6.8, "popularity": 259.527, "release_date": "2022-10-28", "overview": "군인 린지(제니퍼 로렌스)는 사고로 인한 상처를 입고 고향인 뉴올리언스로 돌아와 적응하려고 고군분투한다. 동네 자동차 정비공 제임스(브라이언 타이리 헨리)를 만나고 둘은 예상하지 못한 유대감을 형성하기 시작한다.", "genre": [7]}}, {"model": "movies.movie", "pk": 49, "fields": {"poster_path": "/A7YPhQKdcr6XB1kCUdS4tHifYWd.jpg", "backdrop_path": "/21ldFAokKVjwzi1SHXoPb5gc7md.jpg", "original_title": "X", "title": "X", "original_language": "en", "runtime": 106, "revenue": 14476595, "budget": 10000000, "vote_count": 1274, "adult": 0, "movie_id": 760104, "vote_average": 6.8, "popularity": 254.046, "release_date": "2022-03-17", "overview": "1979년, 젊은 영화 제작자 그룹이 텍사스 시골에서 성인 영화를 만들기 시작했지만 은둔적이고 나이 든 호스트와 엮였을 때 배우들은 곧 삶을 위한 필사적인 싸움에 직면한 자신을 발견한다.", "genre": [11, 13, 17]}}, {"model": "movies.movie", "pk": 50, "fields": {"poster_path": "/cC1wNkQpvdkQPqmY5Io9HzglrlB.jpg", "backdrop_path": "/rV0xrSgkOQj2EpiG8n16VHHJeg3.jpg", "original_title": "The Good Nurse", "title": "그 남자, 좋은 간호사", "original_language": "en", "runtime": 121, "revenue": 0, "budget": 0, "vote_count": 531, "adult": 0, "movie_id": 541134, "vote_average": 7.0, "popularity": 261.989, "release_date": "2022-10-19", "overview": "과도한 업무로 지친 중환자실 간호사. 다행히 새로 온 동료가 직장과 집에서 힘이 되어주고 있다. 하지만 한 환자가 의문사를 당하면서 좋은 사람인 줄 알았던 동료 간호사가 달리 보이기 시작하는데.", "genre": [5, 7, 13]}}, {"model": "movies.movie", "pk": 51, "fields": {"poster_path": "/wdbiMjXd4CxPfCx4r4Jfy8cGec0.jpg", "backdrop_path": "/s5MLcxbdFqvIzTLNLU5yQFFYALR.jpg", "original_title": "My Policeman", "title": "나의 경찰관", "original_language": "en", "runtime": 113, "revenue": 0, "budget": 0, "vote_count": 296, "adult": 0, "movie_id": 744114, "vote_average": 8.1, "popularity": 259.65, "release_date": "2022-10-21", "overview": "금지된 사랑과 변화하는 사회 관습을 아름답게 그려낸 이야기. 경찰관 톰(해리 스타일스), 교사 매리언(에마 코린), 미술관 큐레이터 패트릭(데이비드 도슨) 간 40년의 세월을 뛰어넘는 사랑의 삼각관계를 담아낸다.", "genre": [7, 14]}}, {"model": "movies.movie", "pk": 52, "fields": {"poster_path": "/sjfzr7bNLMw4u2HaTdRUxhDspuw.jpg", "backdrop_path": "/ulyR4pWVMRtVcanoassVbmgfEPT.jpg", "original_title": "Ticket to Paradise", "title": "티켓 투 파라다이스", "original_language": "en", "runtime": 104, "revenue": 149000000, "budget": 20000000, "vote_count": 324, "adult": 0, "movie_id": 800939, "vote_average": 7.0, "popularity": 206.941, "release_date": "2022-09-08", "overview": "한때, 미치게 사랑했지만 지금은 인생의 원수가 되어버린 이혼한 부부 ‘조지아’(줄리아 로버츠)와 ‘데이빗’(조지 클루니).  대학을 졸업하고 변호사로 대형 로펌 입사를 앞둔 딸 ‘릴리’(케이틀린 디버)가 여행지 발리에서 만난 운명 같은 사랑과 결혼을 선포하자 딸이 자신들과 같은 실수를 반복하는 걸 볼 수 없는 그들은 어쩔 수 없이 동맹을 맺고 결혼을 막으려는 계획을 세우게 된다.  그러나 거듭되는 작전에도 불구하고 딸 ‘릴리’의 결혼식은 순조롭게만 진행되고 같은 목표를 향해 합심하는 이들도 서로에게 조금씩 감정의 변화가 생기게 되는데... 이혼 커플의 딸 결혼 반대 프로젝트는 성공할 수 있을까?", "genre": [4, 14]}}, {"model": "movies.movie", "pk": 53, "fields": {"poster_path": "/dRVAlaU0vbG6hMf2K45NSiIyoUe.jpg", "backdrop_path": "/fwnXTIWQl1Ky6CgcWMBhkn9uV3g.jpg", "original_title": "TÁR", "title": "타르", "original_language": "en", "runtime": 158, "revenue": 4000000, "budget": 0, "vote_count": 39, "adult": 0, "movie_id": 817758, "vote_average": 7.8, "popularity": 259.603, "release_date": "2022-10-07", "overview": "", "genre": [7, 12]}}, {"model": "movies.movie", "pk": 54, "fields": {"poster_path": "/438QXt1E3WJWb3PqNniK0tAE5c1.jpg", "backdrop_path": "/7zQJYV02yehWrQN6NjKsBorqUUS.jpg", "original_title": "The Woman King", "title": "더 우먼 킹", "original_language": "en", "runtime": 135, "revenue": 91000000, "budget": 50000000, "vote_count": 289, "adult": 0, "movie_id": 724495, "vote_average": 7.4, "popularity": 211.802, "release_date": "2022-09-15", "overview": "", "genre": [1, 7, 10]}}, {"model": "movies.movie", "pk": 55, "fields": {"poster_path": "/qDNZWDJGU2LTPpPpVGPQMxKv8xl.jpg", "backdrop_path": "/i0zbSmiyyylh7H3Qb4jgscz46Pm.jpg", "original_title": "Virus :32", "title": "Virus :32", "original_language": "es", "runtime": 90, "revenue": 0, "budget": 0, "vote_count": 174, "adult": 0, "movie_id": 893370, "vote_average": 7.1, "popularity": 221.065, "release_date": "2022-04-21", "overview": "", "genre": [11]}}, {"model": "movies.movie", "pk": 56, "fields": {"poster_path": "/lDzoW7XAi10TkGXIswqw3nMyOqd.jpg", "backdrop_path": "/tviTAFuCFRLElylvBAMPjdRnCDZ.jpg", "original_title": "Stowaway", "title": "더 요트", "original_language": "en", "runtime": 94, "revenue": 0, "budget": 0, "vote_count": 42, "adult": 0, "movie_id": 999205, "vote_average": 6.8, "popularity": 213.753, "release_date": "2022-08-31", "overview": "최근 가석방된 벨라 덴튼(루비 로즈)은 아버지의 동료라는 미서(프랭크 그릴로)에게서 오래전 연락이 끊긴 아버지의 죽음에 관한 소식과 자신에게 남겼다는 초호화 요트를 인수해 가라는 전화를 받고 미시시피로 향한다. 그곳에서 뜻밖의 행운을 자축하던 벨라는 세계 일주 중인 미첼(패트릭 슈왈제네거)을 만나 요트에서 함께 밤을 보낸다.  같은 시각, 괴한들이 침입해 정박 중이던 요트를 출항시키고, 망망대해에 홀로 남겨진 벨라는 요트에 감춰진 엄청난 진실을 마주하게 되는데…!", "genre": [1, 17]}}, {"model": "movies.movie", "pk": 57, "fields": {"poster_path": "/oMpsswJv8x4vnOnIKqs4xJs2Kn3.jpg", "backdrop_path": "/8SKOYP0ukOCAixubONgTpWcMCKA.jpg", "original_title": "Selena Gomez: My Mind & Me", "title": "셀레나 고메즈: 마이 마인드 앤드 미", "original_language": "en", "runtime": 95, "revenue": 0, "budget": 0, "vote_count": 134, "adult": 0, "movie_id": 1022256, "vote_average": 8.6, "popularity": 222.853, "release_date": "2022-11-04", "overview": "수년간 세상의 주목을 받으며 셀레나 고메즈는 상상을 초월한 인기를 얻는다. 하지만 인기가 절정에 도달했을 때, 예상하지 못했던 사건으로 셀레나는 어둠 속에 빠진다. 이 유례없이 생생하고 은밀한 다큐멘터리는 셀레나가 새로운 빛을 찾아 떠나는 6년간의 여정을 다룬다.", "genre": [6, 12]}}, {"model": "movies.movie", "pk": 58, "fields": {"poster_path": "/t6P9l6tcVnWLS1ADUAfkUCGQhm0.jpg", "backdrop_path": "/cuAUhb0aYQ9PsdU7EN3L2p1d3Ox.jpg", "original_title": "The Curse of Bridge Hollow", "title": "브리지 홀로우의 저주", "original_language": "en", "runtime": 89, "revenue": 0, "budget": 0, "vote_count": 291, "adult": 0, "movie_id": 864959, "vote_average": 6.8, "popularity": 216.914, "release_date": "2022-10-14", "overview": "동네의 핼러윈 장식에 생명을 불어넣은 악령. 덕분에 사방이 난장판이 되자, 핼러윈을 싫어하는 아빠가 마지못해 10대 딸과 팀을 이룬다.", "genre": [2, 4, 8, 11]}}, {"model": "movies.movie", "pk": 59, "fields": {"poster_path": "/dN6XnCEP3AO7N4XFOFyZ8V8kZF5.jpg", "backdrop_path": "/c1bz69r0v065TGFA5nqBiKzPDys.jpg", "original_title": "Lyle, Lyle, Crocodile", "title": "라일, 라일, 크로커다일", "original_language": "en", "runtime": 106, "revenue": 64000000, "budget": 50000000, "vote_count": 28, "adult": 0, "movie_id": 830784, "vote_average": 7.3, "popularity": 192.769, "release_date": "2022-10-07", "overview": "뉴욕에 사는 악어에 관한 어린이 책을 바탕으로 한 장편 영화.", "genre": [4, 8, 12]}}, {"model": "movies.movie", "pk": 60, "fields": {"poster_path": "/4B7liCxNCZIZGONmAMkCnxVlZQV.jpg", "backdrop_path": "/t4To8feUSysyBs4tlBAbXIrKlCv.jpg", "original_title": "Last Man Down", "title": "라스트 맨 다운", "original_language": "en", "runtime": 87, "revenue": 0, "budget": 0, "vote_count": 11, "adult": 0, "movie_id": 860623, "vote_average": 5.5, "popularity": 220.155, "release_date": "2022-11-03", "overview": "가까운 어느 미래, 치명적 바이러스가 유럽 전역을 휩쓴다. 살아남은 생존자들은 북부로 이동해 작은 마을을 형성한다. 한편 스톤 대령의 부대가 생존자를 보호한다는 명분으로 잠재적 바이러스 보유자를 찾아 무차별적으로 살해하기 시작한다. 스톤 대령의 정책에 반대하는 특수부대 출신 존 우드는 웨스트버그 마을 사람들을 대피시킨다. 스톤은 마을 사람들의 소재를 말하지 않는 존의 아내 에밀리아를 살해한다. 그 후 스톤의 전함에서 탈출한 존은 유럽 북쪽의 인적이 드문 호숫가 오두막에서 은둔한다. 3년 후, 존은 여전히 에밀리아에 대한 그리움과 죄책감에 시달린다. 그러던 어느 날, 실험실에서 탈출한 마리아가 존의 오두막에 나타난다. 마리아의 등에서 추적장치를 제거한 존은 바코드 문신을 한 그녀에게 떠나 달라고 부탁한다. 며칠 후 무장한 3명의 용병이 마리아를 찾아 존의 오두막에 도착한다. 존의 도움으로 용병을 제거한 마리아는 스톤 대령이 치료제인 자신의 혈액을 독점하려 한다고 이야기한다. 얼마 후 마리아에게 걸린 현상금을 노린 사냥꾼들이 다시 오두막을 침입한다. 존은 마리아를 보호하기 위해 목숨을 건 싸움을 다시 시작하는데...", "genre": [1, 17]}}, {"model": "movies.movie", "pk": 61, "fields": {"poster_path": "/akWDID6zfsWHJhGCAAcbwbytU55.jpg", "backdrop_path": "/1V9IdXG5e9GF8kic6uVHGpTyJxa.jpg", "original_title": "Spirit Halloween: The Movie", "title": "Spirit Halloween: The Movie", "original_language": "en", "runtime": 87, "revenue": 0, "budget": 0, "vote_count": 28, "adult": 0, "movie_id": 961427, "vote_average": 6.9, "popularity": 212.118, "release_date": "2022-09-30", "overview": "", "genre": [2, 8, 9, 11]}}, {"model": "movies.movie", "pk": 62, "fields": {"poster_path": "/lG56H40Y1BuHSPoWtEgDJsSgDBZ.jpg", "backdrop_path": "/cyV2syN5zRQwU6BmWMyMFyjRLow.jpg", "original_title": "White Elephant", "title": "화이트 엘리펀트", "original_language": "en", "runtime": 93, "revenue": 0, "budget": 0, "vote_count": 86, "adult": 0, "movie_id": 843633, "vote_average": 6.6, "popularity": 197.571, "release_date": "2022-06-03", "overview": "", "genre": [1, 5, 17]}}, {"model": "movies.movie", "pk": 63, "fields": {"poster_path": "/2iKZNSMGMMJMJCPBP2zanLUsdru.jpg", "backdrop_path": "/6FbWhRR5B7OWVgzXuTkIFiaI2N3.jpg", "original_title": "Black Site", "title": "블랙 사이트", "original_language": "fr", "runtime": 99, "revenue": 0, "budget": 0, "vote_count": 138, "adult": 0, "movie_id": 848123, "vote_average": 6.9, "popularity": 199.771, "release_date": "2022-05-05", "overview": "터키 이스탄불의 병원 폭발 사고로 사랑하는 남편과 딸을 잃은 CIA 소속 분석가 ‘애비(미셸 모나한)’는 폭발 사고의 원인을 밝히기 위해 테러리스트를 수용하고 심문하는 블랙 사이트 ‘시타델’의 책임자가 된다. 자료를 분석하고 범인으로 의심되는 ‘파한’을 심문하던 어느 날, 살상을 일삼아 악명이 높은 ‘해쳇(제이슨 클라크)’이 공범인 것을 밝혀낸다. 결국 체포된 ‘해쳇’은 심문 도중 내부 공모자의 도움으로 시타델에서 탈출하기 위해 요원들을 제거해 나간다. 본부와의 연락도 끊기고 시설은 강제 폐쇄되면서 ‘애비’와 요원들은 고립된다. 미로와 같은 블랙 사이트에서 ‘해쳇’의 얼굴을 모르는 ‘애비’는 아무도 믿을 수 없는 목숨을 건 쫓고 쫓기는 액션이 시작되는데…", "genre": [1, 17]}}, {"model": "movies.movie", "pk": 64, "fields": {"poster_path": "/u6Pg9eTklhg6Aa7kXaxrfdE1Chi.jpg", "backdrop_path": "/qp8qKiP7Q7zK4z3LItwWMHfV9kJ.jpg", "original_title": "The Desperate Hour", "title": "데스퍼릿 아워", "original_language": "en", "runtime": 84, "revenue": 0, "budget": 0, "vote_count": 291, "adult": 0, "movie_id": 764835, "vote_average": 6.1, "popularity": 184.671, "release_date": "2021-09-12", "overview": "당국이 그녀의 작은 마을을 봉쇄하는 동안,  엄마는 필사적으로 그녀의 아이를 구하기 위해 시간을 다투게 된다.", "genre": [17]}}, {"model": "movies.movie", "pk": 65, "fields": {"poster_path": "/uvPHL0ADhbYGFBVpAaWiV0wOrOJ.jpg", "backdrop_path": "/qfe9gsYS1jaZK2wkD1T01SZN2Gp.jpg", "original_title": "The Drover's Wife: The Legend of Molly Johnson", "title": "The Drover's Wife: The Legend of Molly Johnson", "original_language": "en", "runtime": 109, "revenue": 0, "budget": 0, "vote_count": 9, "adult": 0, "movie_id": 722800, "vote_average": 5.2, "popularity": 193.852, "release_date": "2022-05-05", "overview": "", "genre": [7, 17, 19]}}, {"model": "movies.movie", "pk": 66, "fields": {"poster_path": "/8qb8cLDBAWdahrtixN2mQdI6e52.jpg", "backdrop_path": "/6hn3bV5mrXBhnU30caILB14xRfh.jpg", "original_title": "Barbie: Mermaid Power", "title": "Barbie: Mermaid Power", "original_language": "en", "runtime": 64, "revenue": 0, "budget": 0, "vote_count": 29, "adult": 0, "movie_id": 1012801, "vote_average": 7.4, "popularity": 165.432, "release_date": "2022-10-14", "overview": "", "genre": [3]}}, {"model": "movies.movie", "pk": 67, "fields": {"poster_path": "/wjO3QS3mD2t8F5u5nIbzQ1ov8dN.jpg", "backdrop_path": "/7wljWldCCNOjnyR1BAerzWoAEUn.jpg", "original_title": "The Silent Twins", "title": "조용한 쌍둥이", "original_language": "en", "runtime": 113, "revenue": 0, "budget": 0, "vote_count": 20, "adult": 0, "movie_id": 812025, "vote_average": 7.3, "popularity": 196.286, "release_date": "2022-09-16", "overview": "1970년대 영국 웨일즈, 쌍둥이 자매 준과 제니퍼의 가족은 그 지역에서 유일한 흑인 가족이다. 준과 제니퍼는 서로를 제외한 주변 사람들, 심지어 부모에게도 아무런 말을 하지 않는 장애 아닌 장애를 가지고 있다. 걱정된 부모는 이들을 떨어뜨려 보려 하지만 정신 분열을 일으킬 정도로 심한 쌍둥이 자매의 반응에 결국 포기하고 만다. ‘침묵의 쌍둥이’라는 별명을 가진 준과 제니퍼는 자신들의 고유 언어를 만들고 그들만의 세계에서 소통하며 산다. 어느 날, 자매는 한 미국 청년을 만나게 되고 둘 다 그의 매력에 푹 빠지게 된다. 처음으로 애틋한 감정을 느껴본 자매는 그가 시키는 대로 하다가 범죄 사건에 연루되어 소년원에 가야하는 처지에 놓이게 되는데…", "genre": [7]}}, {"model": "movies.movie", "pk": 68, "fields": {"poster_path": "/cDZRy7uNFZFlTWPgoA9q1TBDdHI.jpg", "backdrop_path": "/c50IOgYiPH0HSJMiVYjniOyY09U.jpg", "original_title": "El gerente", "title": "El gerente", "original_language": "es", "runtime": 104, "revenue": 0, "budget": 0, "vote_count": 40, "adult": 0, "movie_id": 931925, "vote_average": 8.2, "popularity": 172.678, "release_date": "2022-10-20", "overview": "", "genre": [4]}}, {"model": "movies.movie", "pk": 69, "fields": {"poster_path": "/qXaJkaVTNMhrOylFi6xrWnBQGE8.jpg", "backdrop_path": "/dAzeFsHo4iC0Q3KO1U83Bq1caVi.jpg", "original_title": "The Friendship Game", "title": "The Friendship Game", "original_language": "en", "runtime": 87, "revenue": 0, "budget": 0, "vote_count": 4, "adult": 0, "movie_id": 844396, "vote_average": 6.3, "popularity": 255.496, "release_date": "2022-11-11", "overview": "", "genre": [11, 15]}}, {"model": "movies.movie", "pk": 70, "fields": {"poster_path": "/cPVe8DLpoYBycK644ZP9pu8xHMr.jpg", "backdrop_path": "/qViFGWCHaSmW4gP00RGh3xjMjsP.jpg", "original_title": "The Cellar", "title": "헬 카운트", "original_language": "en", "runtime": 94, "revenue": 0, "budget": 0, "vote_count": 307, "adult": 0, "movie_id": 758724, "vote_average": 6.6, "popularity": 160.846, "release_date": "2022-03-25", "overview": "우즈 가족이 새 집으로 이사한지 약 일주일 후 갑작스러운 정전 사고가 나고 딸 엘리가 실종된다. 어떤 단서도 없이 실종된 딸의 행방에 당황한 엄마 케이라는 조사를 하던 중 벽에 이상한 표식이 새겨져 있는 것을 발견하게 된다. 그 이후 계속되는 미스터리한 초자연적인 일을 겪은 후 그녀는 이 집 자체가 딸 엘리를 데려 갔을 거라는 결론을 내리고, 실종 직전 마지막 통화 때 딸이 향하던 지하실로 향하게 되는데...", "genre": [11, 13]}}, {"model": "movies.movie", "pk": 71, "fields": {"poster_path": "/r3rpSAi2yukZwr9H2km0WKGODWo.jpg", "backdrop_path": "/cn9GQzCaeYylEV2hymVR8bskRMJ.jpg", "original_title": "See How They Run", "title": "씨 하우 데이 런", "original_language": "en", "runtime": 98, "revenue": 18941169, "budget": 40000000, "vote_count": 332, "adult": 0, "movie_id": 766475, "vote_average": 6.6, "popularity": 134.37, "release_date": "2022-09-09", "overview": "연극무대와 관련된 사람들이 연쇄살인을 당하는 내용과 이를 추적하는 경찰들의 수사과정을 다룬 영화", "genre": [4, 13, 17]}}, {"model": "movies.movie", "pk": 72, "fields": {"poster_path": "/q5u1b1h90GgBaukDRnQKhCjvjFt.jpg", "backdrop_path": "/jvulRWEbRnDpUx0UUBB42IuTe87.jpg", "original_title": "Rapiniamo il Duce", "title": "무솔리니의 보물을 털어라", "original_language": "it", "runtime": 99, "revenue": 0, "budget": 12000000, "vote_count": 142, "adult": 0, "movie_id": 873125, "vote_average": 5.7, "popularity": 141.617, "release_date": "2022-10-26", "overview": "제2차 세계대전이 끝나갈 무렵, 오합지졸 저항군 한 무리가 불가능에 도전한다. 바로, 밀라노의 파시스트 기지에 침입해 무솔리니의 보물을 훔치는 것!", "genre": [1, 2, 4, 5, 18]}}, {"model": "movies.movie", "pk": 73, "fields": {"poster_path": "/2v6f1EqTo4FUxVT9MDXpF6158AX.jpg", "backdrop_path": "/sahdgvn0Brw6AgdwyLHgdCAynWG.jpg", "original_title": "Chickenhare and the Hamster of Darkness", "title": "Chickenhare and the Hamster of Darkness", "original_language": "en", "runtime": 91, "revenue": 0, "budget": 20000000, "vote_count": 199, "adult": 0, "movie_id": 778855, "vote_average": 7.5, "popularity": 132.988, "release_date": "2022-02-16", "overview": "", "genre": [2, 3, 4, 8, 9]}}, {"model": "movies.movie", "pk": 74, "fields": {"poster_path": "/iDechwq1Of0gkvfWHSjdPbA4qQq.jpg", "backdrop_path": "/bHXrZnsYAh8nfjmB3W2OvfQMVVp.jpg", "original_title": "한산: 용의 출현", "title": "한산: 용의 출현", "original_language": "ko", "runtime": 129, "revenue": 0, "budget": 0, "vote_count": 21, "adult": 0, "movie_id": 588108, "vote_average": 7.1, "popularity": 131.664, "release_date": "2022-07-27", "overview": "1592년 4월, 조선은 임진왜란 발발 후 단 15일 만에 왜군에 한양을 빼앗기며 절체절명의 위기에 놓인다. 조선을 단숨에 점령한 왜군은 명나라로 향하는 야망을 꿈꾸며 대규모 병역을 부산포로 집결시킨다. 한편, 이순신 장군은 연이은 전쟁의 패배와 선조마저 의주로 파천하며 수세에 몰린 상황에서도 조선을 구하기 위해 전술을 고민하며 출전을 준비한다. 하지만 앞선 전투에서 손상을 입은 거북선의 출정이 어려워지고, 거북선의 도면마저 왜군의 첩보에 의해 도난당하게 되는데…", "genre": [1, 7, 10, 18]}}, {"model": "movies.movie", "pk": 75, "fields": {"poster_path": "/7GgxanuqKutShJKbNknHBKAdCaE.jpg", "backdrop_path": "/u5FEw1mrQ3lj2jcoSlwEa4FUONE.jpg", "original_title": "The Wonder", "title": "더 원더", "original_language": "en", "runtime": 109, "revenue": 0, "budget": 0, "vote_count": 152, "adult": 0, "movie_id": 823766, "vote_average": 6.9, "popularity": 183.266, "release_date": "2022-11-02", "overview": "대기근으로부터 13년이 흐른 1862년.  영국의 간호사 립 라이트(플로렌스 퓨)는 한 마을의  독실한 주민들로부터 부름을 받아 아일랜드 중부로 향한다.  이들의 요청은 자신들의 마을에 사는 사람 한 명을 15일간 지켜봐달라는 것이었는데,  그는 바로 열한 살의 애나 오도널(킬라 로드 캐시디).  주민들의 말에 따르면 애나가 4개월간 아무것도 먹지 않고  ‘하느님의 양식’만으로 기적적으로 생존하고 있다는 것.  하지만 애나의 건강이 급격히 악화되자 립은 믿음을 깨고 싶어 하지 않는  주민들에게 맞서 진실을 폭로하기로 결심한다.", "genre": [7, 13, 17]}}, {"model": "movies.movie", "pk": 76, "fields": {"poster_path": "/RKgnYLhCNGCUkrhiCRrs40rEHe.jpg", "backdrop_path": "/lT2XzBV5DFtbfcmB1OZxcD0RgRO.jpg", "original_title": "Lamborghini: The Man Behind the Legend", "title": "람보르기니", "original_language": "en", "runtime": 97, "revenue": 0, "budget": 0, "vote_count": 28, "adult": 0, "movie_id": 457232, "vote_average": 6.9, "popularity": 150.481, "release_date": "2022-11-18", "overview": "람보르기니의 창시자인 페루치오 람보르기니의 인생 이야기.  전후 이탈리아를 배경으로 한 이 이야기는 그의 조국의 복잡한 변화를 반영합니다. Lamborghini의 트랙터 제작 시작부터 Enzo Ferrari와 공유한 악명 높은 경쟁까지,  그의 비길데 없는 천재성은 그를 자동차 산업의 진정한 아이콘으로 만들었습니다.  하지만, 그의 열정은 또한 로맨스와 비극으로 가득했던 그의 개인적인 삶에  감정적인 혼란을 불러일으켰습니다.  촘촘하게 구성된 서사 스타일과 상상력이 풍부한 시각적 디자인을 통해 전해지는  람보르기니 - 전설은 기계 뒤에 있는 남자의 실화입니다.", "genre": [7]}}, {"model": "movies.movie", "pk": 77, "fields": {"poster_path": "/8wIKnUgj6Sa7j84FJMhDZjeFdNy.jpg", "backdrop_path": "/7Y3LdmsZukXhmwxtO0UF95BFBTt.jpg", "original_title": "Where the Crawdads Sing", "title": "가재가 노래하는 곳", "original_language": "en", "runtime": 125, "revenue": 127000000, "budget": 0, "vote_count": 639, "adult": 0, "movie_id": 682507, "vote_average": 7.6, "popularity": 111.768, "release_date": "2022-07-15", "overview": "어렸을 때 가족에게 버림받고 자연만이 유일한 친구였던 카야. 그녀가 세상과 단절된 채 성장하는 가운데, 테이트가 그녀의 마음을 두드린다. 하지만 그가 떠난 뒤, 밀려오는 외로움 속, 체이스가 그녀에게 적극적인 고백을 하고, 마음이 흔들리기 시작한다. 그러던 어느 날, 체이스는 습지에서 추락사로 싸늘한 시체로 발견되고 카야는 유력한 용의자가 되어 법정에 서게 되는데…  그녀의 비밀이 숨겨져 있는  가재가 노래하는 곳.", "genre": [7, 13, 17]}}, {"model": "movies.movie", "pk": 78, "fields": {"poster_path": "/zfWbFiCpi9rlr96hTQpNoqiSKr7.jpg", "backdrop_path": "/7IwLNl9MJbj47pObu8xMDUbIesv.jpg", "original_title": "Prey for the Devil", "title": "프레이 포 더 데블", "original_language": "en", "runtime": 93, "revenue": 20000000, "budget": 0, "vote_count": 58, "adult": 0, "movie_id": 676547, "vote_average": 5.9, "popularity": 125.202, "release_date": "2022-10-23", "overview": "과거의 트라우마로 여전히 고통 받고 있는 수녀 앤  구마 의식 학교에서 특별한 재능을 인정받으며 남성 사제에게만 허용되었던 구마 의식 훈련을 받게 되고  그곳에서 만난 환자들을 통해 어릴 적부터 그녀를 괴롭혀 왔던 존재의 실체와 만나게 되는데...", "genre": [11, 17]}}, {"model": "movies.movie", "pk": 79, "fields": {"poster_path": "/aCW0sC55bFnOaUBP2eUGryvAJXf.jpg", "backdrop_path": "/wIR3QRwBhSuss0Nps03XKIHN5dD.jpg", "original_title": "Everything Everywhere All at Once", "title": "에브리씽 에브리웨어 올 앳 원스", "original_language": "en", "runtime": 140, "revenue": 99000000, "budget": 25000000, "vote_count": 2246, "adult": 0, "movie_id": 545611, "vote_average": 8.1, "popularity": 111.639, "release_date": "2022-03-24", "overview": "남편과 세탁소를 운영하며 근근히 살아가고 있는 이민자 이블린 왕. 20대 시절 남편과 순수한 사랑을 불태우며 모든 것을 뒤로 하고 미국으로 이민을 떠났지만, 50대가 된 지금은 세탁소 운영 등 온갖 일로 허덕이며 단란했던 가족과도 삐그덕거리는 등 고달프게 살고 있다. 세무조사를 받던 중 자신이 멀티버스의 여러 다른 자신들과 연결되어 있음을 알게 되고, 강력한 악의 기운으로부터 모든 우주와 가족을 구해내기 위한 모험에 나서게 되는데......", "genre": [1, 2, 15]}}, {"model": "movies.movie", "pk": 80, "fields": {"poster_path": "/61J34xHVVdQHbJ4MSCWQo4e727v.jpg", "backdrop_path": "/qNRkfXBdAuXk9Qs3BEDIfmbAK9w.jpg", "original_title": "Fortress: Sniper's Eye", "title": "포트리스: 스나이퍼스 아이", "original_language": "en", "runtime": 87, "revenue": 0, "budget": 0, "vote_count": 121, "adult": 0, "movie_id": 883502, "vote_average": 5.6, "popularity": 104.879, "release_date": "2022-04-29", "overview": "", "genre": [1, 5, 17]}}, {"model": "movies.movie", "pk": 81, "fields": {"poster_path": "/9DVdYFqGXdMPLgIfqQxNpUWz266.jpg", "backdrop_path": "/jILeJ60zPpIjjJHGSmIeY4eO30t.jpg", "original_title": "Top Gun", "title": "탑 건", "original_language": "en", "runtime": 110, "revenue": 356830601, "budget": 15000000, "vote_count": 6707, "adult": 0, "movie_id": 744, "vote_average": 7.0, "popularity": 85.933, "release_date": "1986-05-16", "overview": "해군 최신예 전투기인 F-14기를 모는 젊은 조종사 매버릭 대위는 훌륭한 전투기 조종사였던 아버지를 둔 패기만만한 파일럿 청년. 솜씨가 거칠기로 소문난 그는 탑 건 훈련학교에 입학하면서 인생의 전환을 맞게 된다. 가장 큰 변화는 항공물리학을 강의하는 여교관 찰리와 사랑에 빠진 것. 하지만 매버릭이 조종하던 F-14 전투기가 비행 훈련 도중 그만 제트 기류에 빠지면서 엔진 고장을 일으키고, 이때 함께 탈출을 시도하던 구즈가 사망하는 사고가 발생하고 마는데...", "genre": [1, 7]}}, {"model": "movies.movie", "pk": 82, "fields": {"poster_path": "/gwLNm5VYq68Q65100uOr5fyAh9A.jpg", "backdrop_path": "/AqpiLT9IqB8y4FIIC8FbfgK9EKq.jpg", "original_title": "First Love", "title": "First Love", "original_language": "en", "runtime": 95, "revenue": 0, "budget": 0, "vote_count": 71, "adult": 0, "movie_id": 834742, "vote_average": 6.2, "popularity": 101.632, "release_date": "2022-06-17", "overview": "", "genre": [7, 14]}}, {"model": "movies.movie", "pk": 83, "fields": {"poster_path": "/zdW8ghjR1qd4MGqINR78iQ5vs5C.jpg", "backdrop_path": "/96qFAPRQtwsi53s2sS0WhwBO2j8.jpg", "original_title": "重启地球", "title": "지구 최후의 날 2022", "original_language": "zh", "runtime": 89, "revenue": 0, "budget": 0, "vote_count": 80, "adult": 0, "movie_id": 870096, "vote_average": 7.0, "popularity": 106.985, "release_date": "2021-09-03", "overview": "2022년, 이상변의에 의한 지구의 종말이 다가오자 세계 연합군은 종말을 막을 최후의 작전을 준비한다. 한편 ‘양하오’는 딸 ‘위안’와 함께 대피하던 중 연합군을 만나 지구 최후의 날을 막을 작전을 돕는다.", "genre": [1, 11, 15]}}, {"model": "movies.movie", "pk": 84, "fields": {"poster_path": "/alReTtKikeYcZodWsw4XOaVsCqL.jpg", "backdrop_path": "/epAintQBZxufCCN9expkT90r4zH.jpg", "original_title": "Clerks III", "title": "점원들 3", "original_language": "en", "runtime": 100, "revenue": 0, "budget": 7000000, "vote_count": 71, "adult": 0, "movie_id": 635891, "vote_average": 6.5, "popularity": 106.283, "release_date": "2022-09-04", "overview": "", "genre": [4]}}, {"model": "movies.movie", "pk": 85, "fields": {"poster_path": "/yGXMia1VNEovB7014ldTHwT1r50.jpg", "backdrop_path": "/A1bWhTFQKkhF1yhSKWosSyzn2Hp.jpg", "original_title": "헤어질 결심", "title": "헤어질 결심", "original_language": "ko", "runtime": 138, "revenue": 16914773, "budget": 0, "vote_count": 300, "adult": 0, "movie_id": 705996, "vote_average": 7.3, "popularity": 101.773, "release_date": "2022-06-29", "overview": "산 정상에서 추락한 한 남자의 변사 사건. 담당 형사 해준은 사망자의 아내 서래와 마주하게 된다. 남편의 죽음 앞에서 특별한 동요를 보이지 않는 서래. 경찰은 보통의 유가족과는 다른 서래를 용의선상에 올린다. 해준은 사건 당일의 알리바이 탐문과 신문, 잠복수사를 통해 서래를 알아가면서 그녀에 대한 관심이 점점 커져가는 것을 느낀다. 한편 좀처럼 속을 짐작하기 어려운 서래는 상대가 자신을 의심한다는 것을 알면서도 조금의 망설임도 없이 해준을 대하는데...", "genre": [5, 7, 13, 14, 17]}}, {"model": "movies.movie", "pk": 86, "fields": {"poster_path": "/cAuBJBCO6qDe8rmrs5Hw50ZoqKi.jpg", "backdrop_path": "/sP1ShE4BGLkHSRqG9ZeGHg6C76t.jpg", "original_title": "The Minute You Wake Up Dead", "title": "The Minute You Wake Up Dead", "original_language": "en", "runtime": 90, "revenue": 0, "budget": 0, "vote_count": 13, "adult": 0, "movie_id": 934641, "vote_average": 4.6, "popularity": 152.097, "release_date": "2022-11-04", "overview": "", "genre": [5, 17]}}, {"model": "movies.movie", "pk": 87, "fields": {"poster_path": "/8Ju4ufMQT8WdCZHRF5ZdNg0Agk.jpg", "backdrop_path": "/mDvx0cafHm1Z0R295wMxzpVTGf9.jpg", "original_title": "Pil", "title": "어쩌다 공주, 닭냥이 왕자를 부탁해!", "original_language": "fr", "runtime": 89, "revenue": 6813652, "budget": 0, "vote_count": 129, "adult": 0, "movie_id": 676705, "vote_average": 6.8, "popularity": 105.001, "release_date": "2021-08-11", "overview": "왕좌를 노리는 마법사 트리스탄을 막기 위해 필은 엉망진창 원정대를 이끌고 마법의 저주가 걸린 숲으로 모험을 떠나는데 어쩌다 시작된 필 공주와 일곱 기사들의 대환장 판타지 어드벤처!", "genre": [2, 3, 4, 8, 9]}}, {"model": "movies.movie", "pk": 88, "fields": {"poster_path": "/1xGd3BYMIAcEcBvJfyItuogWVPW.jpg", "backdrop_path": "/v4NDRjYO3HYj8nt321BEZB65tWl.jpg", "original_title": "AINBO: Spirit of the Amazon", "title": "아인보: 아마존의 전설", "original_language": "en", "runtime": 84, "revenue": 7877742, "budget": 0, "vote_count": 357, "adult": 0, "movie_id": 588921, "vote_average": 7.0, "popularity": 89.785, "release_date": "2021-02-09", "overview": "신비의 숲 아마존 깊은 곳에 위치한 칸다모 마을. 생명과 자연의 아름다움이 넘치던 칸다모는  전설 속 악마 야쿠루나의 끔찍한 저주로 위험에 빠진다.  최고의 사냥꾼을 꿈꾸는 소녀 ‘아인보’는 아마존을 구하기 위해 자칭(?) 정령 안내자 ‘딜로’와 ‘바카’와 함께 정글의 수호자 ‘모텔로 마마’를 찾아 떠난다.  아마존의 숨겨진 비밀에 다가갈수록 ‘아인보’ 자신이 생명의 땅을 되돌릴 선택 받은 존재라는 것을 알게 되는데…", "genre": [2, 3, 8, 9]}}, {"model": "movies.movie", "pk": 89, "fields": {"poster_path": "/95Bn6HZBBJcG7LOBMAzNH0gmLih.jpg", "backdrop_path": "/pt2zfjKf8vAOi7yd40HnewTNJyN.jpg", "original_title": "The Last Manhunt", "title": "라스트 맨헌트", "original_language": "en", "runtime": 103, "revenue": 0, "budget": 0, "vote_count": 7, "adult": 0, "movie_id": 754452, "vote_average": 8.1, "popularity": 71.387, "release_date": "2022-11-18", "overview": "", "genre": [19]}}, {"model": "movies.movie", "pk": 90, "fields": {"poster_path": "/t8ShCiZxrbiy7kuO06OilLI3PeL.jpg", "backdrop_path": "/7IW5xt241RUAufYiFBoAPx5n52V.jpg", "original_title": "Ténor", "title": "Ténor", "original_language": "fr", "runtime": 100, "revenue": 0, "budget": 0, "vote_count": 120, "adult": 0, "movie_id": 936074, "vote_average": 7.3, "popularity": 81.725, "release_date": "2022-05-04", "overview": "", "genre": [4, 7]}}, {"model": "movies.movie", "pk": 91, "fields": {"poster_path": "/l1gpVietOZl6UPfNY3zxaLkEPci.jpg", "backdrop_path": "/zqtz9bttBUlXKxfUDxvx5zG7sf5.jpg", "original_title": "Por los pelos", "title": "Por los pelos", "original_language": "es", "runtime": 0, "revenue": 0, "budget": 0, "vote_count": 18, "adult": 0, "movie_id": 826218, "vote_average": 7.5, "popularity": 93.932, "release_date": "2022-08-12", "overview": "", "genre": [4]}}, {"model": "movies.movie", "pk": 92, "fields": {"poster_path": "/9IiTNWohanK62otUDGoCvgx2mI7.jpg", "backdrop_path": "/b6FPcYuYNwK63b0i2NhTZN5Iimi.jpg", "original_title": "Hommes au bord de la crise de nerfs", "title": "Hommes au bord de la crise de nerfs", "original_language": "fr", "runtime": 97, "revenue": 0, "budget": 0, "vote_count": 32, "adult": 0, "movie_id": 783556, "vote_average": 5.6, "popularity": 79.61, "release_date": "2022-03-16", "overview": "", "genre": [4]}}, {"model": "movies.movie", "pk": 93, "fields": {"poster_path": "/1w9WQexYgNUWzklEDHFZEyK2xNX.jpg", "backdrop_path": "/jD3et0aL3yDDZZ6R9I4DzyjyofW.jpg", "original_title": "En attendant Bojangles", "title": "En attendant Bojangles", "original_language": "fr", "runtime": 124, "revenue": 0, "budget": 0, "vote_count": 161, "adult": 0, "movie_id": 851303, "vote_average": 7.6, "popularity": 69.689, "release_date": "2022-01-05", "overview": "", "genre": [4, 7, 14]}}, {"model": "movies.movie", "pk": 94, "fields": {"poster_path": "/bWH1s160oYX1vybg3zPnL4ygMpw.jpg", "backdrop_path": "/3ECwGVuyc22t9oiD45Yilc7E7f6.jpg", "original_title": "Taurus", "title": "토러스", "original_language": "en", "runtime": 98, "revenue": 0, "budget": 0, "vote_count": 0, "adult": 0, "movie_id": 844547, "vote_average": 0.0, "popularity": 118.341, "release_date": "2022-11-18", "overview": "", "genre": [7, 12]}}, {"model": "movies.movie", "pk": 95, "fields": {"poster_path": "/3Jd8Jfh3tCZ0rVVKXRiLWrRmlG5.jpg", "backdrop_path": "/bW2R6PejAFk6FVCyLmTsgn8ETqZ.jpg", "original_title": "シン・ウルトラマン", "title": "신 울트라맨", "original_language": "ja", "runtime": 112, "revenue": 0, "budget": 0, "vote_count": 38, "adult": 0, "movie_id": 634429, "vote_average": 7.0, "popularity": 79.886, "release_date": "2022-05-13", "overview": "차례로 거대불명생물 '화위수(禍威獣)'[8] 가 나타나, 그 존재가 일상이 된 일본.\r 통상 병기는 전혀 통하지 않고, 한계를 맞은 일본 정부는, 화위수 대책 스페셜리스트들을 결집시켜, '화위수특설대책실' 통칭 '화특대(禍特対)'[9] 를 설립. 반장 타무라 키미오[10], 작전입안담당관 카미나가 신지[11], 비입자물리학자 타키 아키히사[12], 범용생물학자 후나베리 유미[13] 가 선발되어, 임무를 맡고 있었다. 화위수에 의한 위기가 임박한 와중, 대기권 밖에서 돌연 나타난 은빛의 거인. 화특대에, 거인 대책을 위해 분석관 아사미 히로코[14]가 새로 배속되어, 카미나가와 팀을 짜게 된다. 아사미가 쓴 보고서에 쓰인 것은...울트라맨(가칭), 정체불명.", "genre": [1, 7, 15]}}, {"model": "movies.movie", "pk": 96, "fields": {"poster_path": "/iJOgfZN4ThBkeEndrzYnTXqHJlK.jpg", "backdrop_path": "/jPDNHeVjc0zNCHsjibgq1pOV0H9.jpg", "original_title": "Bantú Mama", "title": "Bantú Mama", "original_language": "fr", "runtime": 77, "revenue": 0, "budget": 0, "vote_count": 0, "adult": 0, "movie_id": 796765, "vote_average": 0.0, "popularity": 114.068, "release_date": "2022-11-17", "overview": "", "genre": [7]}}, {"model": "movies.movie", "pk": 97, "fields": {"poster_path": "/1ywjWmLHWHKAyOHGw0A3tcQclH0.jpg", "backdrop_path": "/fILWktCfh0ZiKWjWwyXalWzSvKX.jpg", "original_title": "Good Luck to You, Leo Grande", "title": "굿 럭 투 유, 리오 그랜드", "original_language": "en", "runtime": 97, "revenue": 7589829, "budget": 0, "vote_count": 157, "adult": 0, "movie_id": 758330, "vote_average": 7.0, "popularity": 81.479, "release_date": "2022-06-17", "overview": "단 한번도 섹스에 만족해 본 적 없는 인생 6*년차 낸시. 남편과 아이들이 떠나고, 은퇴 후 혼자 남은 그녀는 자신만의 은밀한 버킷리스트를 실행해보기로 결심한다  \"이끌리는 대로 다 잊고 당신만 생각해요” 외딴 호텔, 모든 게 자신 없는 '낸시' 앞에 젊고 매력적인 '리오 그랜드'가 나타나고, 처음 경험하는 퍼스널 서비스는 예상치 못한 해방감을 선사하는데...  올 여름, 뜨겁게 용감해지고 싶은 당신을 위한 굿 럭 무비!", "genre": [4, 7, 14]}}, {"model": "movies.movie", "pk": 98, "fields": {"poster_path": "/mSToZn1k31NCh6UOfQGPUnmDOyP.jpg", "backdrop_path": "/rfbpgHbotsnB4sopZDIA3EhPecQ.jpg", "original_title": "Super-héros malgré lui", "title": "슈퍼 후?", "original_language": "fr", "runtime": 82, "revenue": 7375119, "budget": 0, "vote_count": 294, "adult": 0, "movie_id": 746333, "vote_average": 6.1, "popularity": 78.928, "release_date": "2022-02-02", "overview": "프랑스 박스오피스 2주 연속 1위 & 6주 연속 TOP10 기록!  끝이 보이지 않는 긴 무명 생활 끝에 운 좋게 히어로 무비 <배드맨>의 주인공 역에 캐스팅된 조금은 모자라지만 착한 배우 ‘세드릭’.  신나게 코스튬까지 맞추고 촬영장으로 향하던 중, ‘세드릭’은 갑작스러운 교통사고를 당하고 만다.  사고로 모든 기억을 잃은 ‘세드릭’은 수트를 입은 자기 모습을 보고는 진짜 슈퍼 히어로로 착각하게 되는데…  교통사고로 모든 기억을 잃은 무명 배우!  의식을 되찾았더니 슈퍼 히어로가 되어 있다?", "genre": [1, 4]}}, {"model": "movies.movie", "pk": 99, "fields": {"poster_path": "/x37ixiGQr3I6tERKb5OJfx0d0RV.jpg", "backdrop_path": "/AhkirfgU32n0D1uxpaGYJEKy2Hu.jpg", "original_title": "Mrs. Harris Goes to Paris", "title": "미시즈 해리스 파리에 가다", "original_language": "en", "runtime": 116, "revenue": 10370305, "budget": 0, "vote_count": 97, "adult": 0, "movie_id": 754609, "vote_average": 7.5, "popularity": 67.353, "release_date": "2022-07-15", "overview": "1957년 런던, 전쟁에 나간 남편이 돌아오길 기다리며 살고 있는 ‘해리스’는  청소부로 일하던 가정집 부인의 값비싼 디올 드레스를 발견하고 아름다움에 빠진다.  이후 오랜 시간 기다려온 남편의 전사 소식을 듣게 된 ‘해리스’는 이제는 자신을 위한 삶을 살겠다고 다짐하며 벌어온 돈을 모아 막연히 꿈만 꾸었던 디올 드레스를 사기 위해 파리 여행을 결심한다.  하지만 설레는 마음도 잠시, 파리의 디올 매장에서 무시를 당하는 등 예상치 못한 일들을 겪게 되는데…", "genre": [4, 7]}}, {"model": "movies.movie", "pk": 100, "fields": {"poster_path": "/yi5KcJqFxy0D6yP8nCfcF8gJGg5.jpg", "backdrop_path": "/tHR34A5n0my4maACNdLpWGd6QYq.jpg", "original_title": "Thirteen Lives", "title": "13 라이브즈", "original_language": "en", "runtime": 147, "revenue": 0, "budget": 55000000, "vote_count": 791, "adult": 0, "movie_id": 698948, "vote_average": 8.0, "popularity": 78.677, "release_date": "2022-07-18", "overview": "온 세상의 시선을 사로잡았던 스릴 넘치는 실화를 다룬 이야기다. 어린이 축구팀이 폭우와 위험한 범람으로 태국 탐루앙 동굴에 갇혔다가 구조된다.", "genre": [1, 2, 7, 17]}}, {"model": "movies.movie", "pk": 101, "fields": {"poster_path": "/8q6BrcwGEBGbtwtbCUVKEt2lmEy.jpg", "backdrop_path": "/9VIURlZvfnmFACs2m0MdUDDC3In.jpg", "original_title": "Three Thousand Years of Longing", "title": "3000년의 기다림", "original_language": "en", "runtime": 108, "revenue": 17000000, "budget": 60000000, "vote_count": 415, "adult": 0, "movie_id": 556694, "vote_average": 7.0, "popularity": 68.644, "release_date": "2022-08-24", "overview": "세상 모든 이야기에 통달한 서사학자 알리테아(틸다 스윈튼)가\r 우연히 소원을 이뤄주는 정령 지니(이드리스 엘바)를 깨워낸다.\r 그녀에게 주어진 기회는 단 세 번.", "genre": [7, 9, 14]}}, {"model": "movies.movie", "pk": 102, "fields": {"poster_path": "/ki2bGPwyEk8hmaAzxtQBAK1MHyS.jpg", "backdrop_path": "/mifoXrO18fyEBPYn9UqNduunod9.jpg", "original_title": "Raymond & Ray", "title": "레이먼드 & 레이", "original_language": "en", "runtime": 106, "revenue": 0, "budget": 0, "vote_count": 73, "adult": 0, "movie_id": 869025, "vote_average": 7.0, "popularity": 64.143, "release_date": "2022-10-14", "overview": "가족을 버리고 자유분방한 삶을 살고 있는 아버지를 둔 형제 레이먼드와 레이. 성인이 된 후부터 거의 아버지를 본 적 없던 그들에게 어느 날, 아버지가 돌아 가셨다는 부고 소식이 들려온다. 아버지를 잃었다는 슬픔보다는 그가 자신들에게 지은 죄 때문에 오히려 분노가 앞서는 레이먼드와 레이는 탐탁치는 않지만 장례식에 참석하기로 결정한다. 하지만 변호사로부터 아버지가 남긴 황당한 유언을 듣게 되고, 아버지의 무덤을 직접 파야 하는 신세가 된 그들은 장례식장에서 아버지가 그동안 자신들에게 숨겨왔던 과거를 하나둘씩 알아가게 된다.", "genre": [4, 7]}}, {"model": "movies.movie", "pk": 103, "fields": {"poster_path": "/bPyBqGBYjGzyLVHJEIsCwlZejk.jpg", "backdrop_path": "/7YI3LxKLTxHjes9OaBUYrKdXqh3.jpg", "original_title": "Into the Deep", "title": "Into the Deep", "original_language": "en", "runtime": 90, "revenue": 42195, "budget": 0, "vote_count": 27, "adult": 0, "movie_id": 948333, "vote_average": 6.7, "popularity": 65.454, "release_date": "2022-08-26", "overview": "", "genre": [17]}}, {"model": "movies.movie", "pk": 104, "fields": {"poster_path": "/nJNxJdD5F3cAXglCtwjumTB5tl7.jpg", "backdrop_path": "/jqYFLfMF0liCsHAVEejaFfHl81Y.jpg", "original_title": "El cuarto pasajero", "title": "El cuarto pasajero", "original_language": "es", "runtime": 99, "revenue": 0, "budget": 0, "vote_count": 3, "adult": 0, "movie_id": 791333, "vote_average": 5.3, "popularity": 49.275, "release_date": "2022-10-28", "overview": "", "genre": [4]}}, {"model": "movies.movie", "pk": 105, "fields": {"poster_path": "/prxFFOC7ZOf6mD8x9Fxb1NtREbi.jpg", "backdrop_path": "/t0voVZuqvQ0VlM2m45rVWZO5R52.jpg", "original_title": "劇場版 からかい上手の高木さん", "title": "劇場版 からかい上手の高木さん", "original_language": "ja", "runtime": 73, "revenue": 0, "budget": 0, "vote_count": 18, "adult": 0, "movie_id": 938567, "vote_average": 9.2, "popularity": 94.457, "release_date": "2022-06-10", "overview": "", "genre": [3, 4, 14]}}, {"model": "movies.movie", "pk": 106, "fields": {"poster_path": "/7BRRlZ5XWz9EC4pjPy66zKgQwCk.jpg", "backdrop_path": "/siEKPoFqIctmu1c29Ggj4ZWQFv6.jpg", "original_title": "Presque", "title": "Presque", "original_language": "fr", "runtime": 92, "revenue": 3358402, "budget": 0, "vote_count": 70, "adult": 0, "movie_id": 757999, "vote_average": 7.5, "popularity": 61.25, "release_date": "2022-01-19", "overview": "", "genre": [4, 7]}}, {"model": "movies.movie", "pk": 107, "fields": {"poster_path": "/j60Eb7TKqfv0QN8Zn1aKm2DMgbO.jpg", "backdrop_path": "/atmII0hn3iQe3IWMBmIb3cc8EJZ.jpg", "original_title": "Bones and All", "title": "본즈 앤 올", "original_language": "en", "runtime": 131, "revenue": 0, "budget": 16000000, "vote_count": 4, "adult": 0, "movie_id": 791177, "vote_average": 7.6, "popularity": 60.608, "release_date": "2022-11-18", "overview": "열여섯 살이 된 매런은 유일한 가족인 아빠마저 곁을 떠나자 한 번도 보지 못한 엄마를 찾는 길에 오른다. 절망 가운데 자신과 같은 식성을 가진 소년 리를 만나고, 동행하는 길 위에서 사랑을 느끼지만 매런에게 사랑은 늘 파멸과 마찬가지였기에 이 감정을 숨길 수밖에 없다. 평범한 삶을 갈구하는 매런은 리와 끝까지 함께 할 수 있을까? 이 길의 끝에서 매런은 고대하던 것을 찾을 수 있을까?", "genre": [7, 11, 14]}}, {"model": "movies.movie", "pk": 108, "fields": {"poster_path": "/mxeTba8fJYgjmyTEbuEuIcu2uNU.jpg", "backdrop_path": "/rOKKQdzsgFM0iql2xqh5b2VNckE.jpg", "original_title": "La Exorcista", "title": "La Exorcista", "original_language": "es", "runtime": 101, "revenue": 0, "budget": 0, "vote_count": 2, "adult": 0, "movie_id": 1023313, "vote_average": 6.5, "popularity": 56.936, "release_date": "2022-11-02", "overview": "", "genre": [11]}}, {"model": "movies.movie", "pk": 109, "fields": {"poster_path": "/6QQjquBHiKyVowrv2ClfefXM0A9.jpg", "backdrop_path": "/eAWuDbZAYQY0PM0hL7zoO3aoF3T.jpg", "original_title": "プロメア", "title": "프로메어", "original_language": "ja", "runtime": 111, "revenue": 0, "budget": 0, "vote_count": 198, "adult": 0, "movie_id": 553600, "vote_average": 7.0, "popularity": 48.873, "release_date": "2019-05-24", "overview": "모든 것이 불타버릴 인류에 닥친 최대 위기! 지구의 운명이 걸린 거대한 불꽃 전쟁이 펼쳐진다!  불을 다스리는 돌연변이 ‘버니쉬’의 습격을 받은 지 30년, 한층 더 강력해진 ‘매드 버니쉬’가 등장하며 지구는 또 한번 새로운 위협에 휘말리고, 이에 맞서기 위한 최정예 특수부대 ‘버닝 레스큐’가 결성된다.  불타는 혼을 지닌 ‘버닝 레스큐’ 대원 ‘갈로 티모스’는 마침내 ‘매드 버니쉬’의 수장 ‘리오 포티아’를 마주하게 되고 지구의 운명을 건 두 사람의 최강 빅매치가 시작되는데…", "genre": [1, 3, 15]}}, {"model": "movies.movie", "pk": 110, "fields": {"poster_path": "/nRSaeJUXuXFYOQNRSsLvBLmZa48.jpg", "backdrop_path": "/shSCarLTK01PfeFnq9WmRrzRcdl.jpg", "original_title": "Jaws", "title": "죠스", "original_language": "en", "runtime": 124, "revenue": 470653000, "budget": 7000000, "vote_count": 8756, "adult": 0, "movie_id": 578, "vote_average": 7.6, "popularity": 48.018, "release_date": "1975-06-20", "overview": "뉴 잉글랜드의 작은 해안 피서지 애미티(Amity). 아주 평화로운 바닷가 마을로, 우정이란 뜻을 가진 이 마을은 전형적인 작은 바닷가 마을이다. 이곳은 여름 피서객들을 상대로 하는 것이 마을 수입의 전부다. 여름이 되어 막 해수욕장이 개장하기에 앞서 한 무리의 젊은이들이 한밤의 백사장에서 캠프파이어를 하며 젊음을 불태우고 있다. 이때 한 여자가 옷을 하나씩 벗어 던지면 모래밭을 달려가더니 바다로 헤엄쳐 들어간다. 달빛 아래 바다. 하지만 그 여자는 갑자기 무언가에 물리기라도 한 것처럼 바닷물 속으로 빨려 들어가더니 사라져버린다.  다음날, 바닷물을 싫어하는 도시 출신의 브로디 경찰서장이 전화를 받는다. 여자의 시체가 발견되었다는 것. 악어나 상어에게 묻어 뜯긴 게 분명한 그 시체는 찢겨져 있었고, 그는 즉시 해안을 폐쇄한다. 하지만, 마을의 책임자인 시장은 이 마을은 피서객들로 돈을 버는 곳이데 어떻게 하려고 그러느냐면서, 해안 경비를 강화하고, 감시 속에서 여름 해수욕장을 개장시킨다.  하지만 결국 일은 터지고, 한 소년이 상어의 습격을 받게 된다. 이제 이 마을은 상어의 공포에 휩싸이게 된다. 상어에 현상금이 붙자 상어사냥꾼들이 몰려든다. 하지만 다들 별볼 일 없이 그저 상금만 노리고 온 사람들이다. 그러나 그중에 두 명의 전문가가 찾아온다. 바로 상어 박사인 마틴 후퍼와 이 마을의 어부이자 카리스마 넘치는 퀸터 선장이 그들이다. 결국 브로디 서장과 퀸터 선장, 매트 박사는 배를 타고 바다로 나가 상어 사냥에 나서는데...", "genre": [2, 11, 17]}}, {"model": "movies.movie", "pk": 111, "fields": {"poster_path": "/qA4gcxdeuVsVgnrMxCmHNVF6cQH.jpg", "backdrop_path": "/AqtTwTPOjRnmSudK1rywiUoE9xH.jpg", "original_title": "เร็วโหด..เหมือนโกรธเธอ", "title": "패스트 & 필 러브", "original_language": "th", "runtime": 132, "revenue": 0, "budget": 0, "vote_count": 13, "adult": 0, "movie_id": 889741, "vote_average": 6.7, "popularity": 49.332, "release_date": "2022-04-06", "overview": "", "genre": [1, 4, 14]}}, {"model": "movies.movie", "pk": 112, "fields": {"poster_path": "/sCKD2tbldX3jDtsOVU2QVGTw6Ua.jpg", "backdrop_path": "/jhz5pKm1dd99fDoqRkVphiQLpVt.jpg", "original_title": "Good Mourning", "title": "Good Mourning", "original_language": "en", "runtime": 93, "revenue": 0, "budget": 0, "vote_count": 18, "adult": 0, "movie_id": 865686, "vote_average": 6.1, "popularity": 53.181, "release_date": "2022-05-20", "overview": "", "genre": [4]}}, {"model": "movies.movie", "pk": 113, "fields": {"poster_path": "/vpfX1mGVobWlrUGqEzbA2RNPdZF.jpg", "backdrop_path": "/1EAxNqdkVnp48a7NUuNBHGflowM.jpg", "original_title": "シン・エヴァンゲリオン劇場版:||", "title": "신 에반게리온 극장판 리피트", "original_language": "ja", "runtime": 155, "revenue": 92246218, "budget": 0, "vote_count": 584, "adult": 0, "movie_id": 283566, "vote_average": 8.4, "popularity": 57.6, "release_date": "2021-03-08", "overview": "‘에반게리온’ 신극장판 시리즈의 제4부이자 완결편  미사토가 이끄는 반네르프 조직 ‘빌레’는 코어화로 붉게 물든 파리 구시가에 있다.  기함 AAA 분더에서 선발대가 강하하여, 남겨져 있던 봉인주에 안착한다.  복원 작전의 작업 가능 시간은 고작 720초.  결사의 작전 수행 중 ‘네르프’의 EVA가 대량으로 무리를 이루고 접근하여,  마리의 개(改) 8호기가 요격을 개시한다.  한편 신지, 아스카, 아야나미 레이 (가칭) 세 사람은 일본의 대지를 떠돌고 있다…….", "genre": [1, 3, 7, 15]}}, {"model": "movies.movie", "pk": 114, "fields": {"poster_path": "/4Q5iH4XrZ1jKL7aS2wapaw3EtfG.jpg", "backdrop_path": "/e782pDRAlu4BG0ahd777n8zfPzZ.jpg", "original_title": "Guillermo del Toro's Pinocchio", "title": "기예르모 델토로의 피노키오", "original_language": "en", "runtime": 117, "revenue": 0, "budget": 35000000, "vote_count": 2, "adult": 0, "movie_id": 555604, "vote_average": 7.0, "popularity": 65.55, "release_date": "2022-11-09", "overview": "이탈리아 고전 동화 \"피노키오\"가 스톱모션 뮤지컬로 재탄생한다. 말썽꾸러기 피노키오는 과연 인간 소년이 될 수 있을까? 그 여정을 따라가 보자.", "genre": [3, 7, 8, 9]}}, {"model": "movies.movie", "pk": 115, "fields": {"poster_path": "/kNU8gzCuoYuZr1hl36xAlCAxFwF.jpg", "backdrop_path": "/ywLWilNKFL75ibd3kVr8glV7wk9.jpg", "original_title": "The Princess", "title": "The Princess", "original_language": "en", "runtime": 104, "revenue": 0, "budget": 0, "vote_count": 17, "adult": 0, "movie_id": 913868, "vote_average": 6.9, "popularity": 53.093, "release_date": "2022-05-30", "overview": "", "genre": [6, 10]}}, {"model": "movies.movie", "pk": 116, "fields": {"poster_path": "/pfWaLGSaiQZzzJ9xeVVWUkIli3T.jpg", "backdrop_path": "/cVRI4BHo4egESBdWkIfdDJGZ2Hb.jpg", "original_title": "Tre nøtter til Askepott", "title": "Tre nøtter til Askepott", "original_language": "no", "runtime": 95, "revenue": 0, "budget": 0, "vote_count": 73, "adult": 0, "movie_id": 660262, "vote_average": 6.7, "popularity": 47.507, "release_date": "2021-11-12", "overview": "", "genre": [8, 9]}}, {"model": "movies.movie", "pk": 117, "fields": {"poster_path": "/5X8Ztkey1PHVRXijmmi2IK3tyTN.jpg", "backdrop_path": "/ceYZCBfwbBwSpGJ6PapNVw5jqLG.jpg", "original_title": "すずめの戸締まり", "title": "스즈메의 문단속", "original_language": "ja", "runtime": 121, "revenue": 0, "budget": 0, "vote_count": 3, "adult": 0, "movie_id": 916224, "vote_average": 8.3, "popularity": 72.027, "release_date": "2022-11-11", "overview": "큐슈의 작은 마을에서 살고 있는 소녀 ‘스즈메’는 어느 날, 여행을 하며 ‘문’을 찾고 있는 한 청년을 만난다. 그의 뒤를 쫓아간 소녀는 산속 폐허에서 덩그러니 남겨진 낡은 문을 발견한다. 무언가에 이끌린 듯 ‘스즈메’는 문으로 손을 뻗는데…", "genre": [2, 3, 7, 9]}}, {"model": "movies.movie", "pk": 118, "fields": {"poster_path": "/tPyt2CpXceNGj192VVG7G9gjph5.jpg", "backdrop_path": "/y0LhmaMYpFkIfrUlOpJYTVMH2eA.jpg", "original_title": "Pleasure", "title": "플레저", "original_language": "sv", "runtime": 108, "revenue": 0, "budget": 0, "vote_count": 299, "adult": 0, "movie_id": 592695, "vote_average": 6.3, "popularity": 44.024, "release_date": "2021-10-08", "overview": "벨라 체리는 포르노 영화 배우의 꿈을 안고 로스앤젤레스에 도착하지만,  그녀는 그녀의 야망과 교활함을 활용하여 이 매혹적이고 독특한 세계의  정상에 오르기 위해 노력하지만 그런 명성이 쉽게 오지 않는다는 것을 곧 알게 된다.", "genre": [7]}}, {"model": "movies.movie", "pk": 119, "fields": {"poster_path": "/ajkaRATrHph2NgXNYIL2UDhRCdO.jpg", "backdrop_path": "/4uij4drUitClyXihCyQJSklXvvv.jpg", "original_title": "余命10年", "title": "남은 인생 10년", "original_language": "ja", "runtime": 124, "revenue": 22456368, "budget": 0, "vote_count": 5, "adult": 0, "movie_id": 876797, "vote_average": 6.2, "popularity": 45.173, "release_date": "2022-03-04", "overview": "수만명 중 1명이 걸리는 불치병으로 여명이 10년임을 알게 된 20살의 타카바야시 마츠리 (코마츠 나나). 그녀는 사는 것에 집착하지 않기 위해 사랑만은 하지 않겠다고 결심했다. 그때 동창회에서 재회한 것은 마나베 카즈토 (사카구치 켄타로). 별개의 인생을 살고 있던 두 사람은, 이 만남을 계기로 가까워진다. 더 이상 만나서는 안된다고 생각하면서도 스스로가 병에 걸린 것을 숨기고, 카즈토와 즐거운 시간을 거듭하는 마츠리. 추억이 늘어날 때마다 잃어가는 남은 시간. 두 사람이 마지막으로 선택한 길은...", "genre": [7, 14]}}, {"model": "movies.movie", "pk": 120, "fields": {"poster_path": "/jeXmhP2zbUkREMRqFOYIwQOk49T.jpg", "backdrop_path": "/4jdduww9j5RyzO4ITRcuBFhqNN1.jpg", "original_title": "Aftersun", "title": "에프터선", "original_language": "en", "runtime": 102, "revenue": 0, "budget": 0, "vote_count": 34, "adult": 0, "movie_id": 965150, "vote_average": 8.0, "popularity": 49.055, "release_date": "2022-10-21", "overview": "평범한 10대 소녀인 소피는 그동안 자신에게 소홀했던 아버지와 단둘이 튀르키예로 여행을 떠난다. 아버지와 처음으로 둘만의 오붓한 시간을 즐기는 동안, 소피는 어떻게든 자신을 즐겁게 해주려는 아버지의 새로운 이면을 보게 되는데…", "genre": [7]}}, {"model": "movies.movie", "pk": 121, "fields": {"poster_path": "/eZmDdKeggleJhMJwW2SFocbc2Cg.jpg", "backdrop_path": "/ihBrgKx7IuOptUYcblRJHAraRM0.jpg", "original_title": "Close", "title": "클로즈", "original_language": "fr", "runtime": 104, "revenue": 0, "budget": 0, "vote_count": 48, "adult": 0, "movie_id": 901563, "vote_average": 7.8, "popularity": 50.362, "release_date": "2022-11-01", "overview": "온 가족이 함께 사는 목가적인 시골의 한 마을. 13세 소년 레오와 래미는 무엇으로도 깰 수 없어 보이는 친밀한 우정을 나누며 지낸다. 하지만 학교의 또래 아이들이 던지는 냉담한 시선과 조롱은 그들 사이를 점점 갈라놓고 결국 비극적인 사건으로 이어진다.", "genre": [7]}}, {"model": "movies.movie", "pk": 122, "fields": {"poster_path": "/op02Hv5i4Z049nGJYmk6BScRqHO.jpg", "backdrop_path": "/oySLOwNAsKu6ilFro8XxqP4wDJW.jpg", "original_title": "Bros", "title": "브로스", "original_language": "en", "runtime": 115, "revenue": 11645789, "budget": 22000000, "vote_count": 208, "adult": 0, "movie_id": 614939, "vote_average": 7.4, "popularity": 38.407, "release_date": "2022-09-30", "overview": "", "genre": [4, 14]}}, {"model": "movies.movie", "pk": 123, "fields": {"poster_path": "/bbBGSm1kjgmZ0O3bPUQIbA0xlKQ.jpg", "backdrop_path": "/4OjoH07cxYQbnGiJzJxto0NUejH.jpg", "original_title": "Jerry & Marge Go Large", "title": "제리 & 마지 고 라지", "original_language": "en", "runtime": 96, "revenue": 0, "budget": 0, "vote_count": 19, "adult": 0, "movie_id": 843847, "vote_average": 7.4, "popularity": 43.7, "release_date": "2022-10-20", "overview": "", "genre": [4, 7]}}, {"model": "movies.movie", "pk": 124, "fields": {"poster_path": "/XkLKkL5Cw4wWM6N4c4dP2IENmb.jpg", "backdrop_path": "/sFEYsEfzTx7hhjetlNrme8B5OUo.jpg", "original_title": "V for Vendetta", "title": "브이 포 벤데타", "original_language": "en", "runtime": 132, "revenue": 132511035, "budget": 54000000, "vote_count": 12715, "adult": 0, "movie_id": 752, "vote_average": 7.9, "popularity": 37.458, "release_date": "2006-02-23", "overview": "어느 날 밤 이비라는 소녀가 위험에 처하자 어디선가 한 남자가 나타나 놀라운 전투력으로 그녀의 목숨을 구해준다. 옛날 국회의사당을 폭파하려다 사형당한 가이 포크스의 가면을 쓰고 모든 것을 압도하는 카리스마를 가진 남자는 V라는 이니셜로만 알려진 의문의 사나이. 맥베스와 헨리 5세의 대사들을 인용하고, 현실세계의 아픔을 노래한 윌리엄 블레이크의 시를 읊으며 악을 응징하는 V는세상을 구할 혁명을 계획하고 있다. V의 숨겨진 과거를 알아가는 동안 자신에 관한 진실을 깨달아가는 이비는 점점 V에게 이끌려 그의 혁명에 동참하게 된다.", "genre": [1, 15, 17]}}, {"model": "movies.movie", "pk": 125, "fields": {"poster_path": "/8H1jQGdc2tC5f3BAdaiERQrhPOW.jpg", "backdrop_path": "/7DBdVT5KEhjnMLpoejbYylfzd92.jpg", "original_title": "名探偵コナン ハロウィンの花嫁", "title": "명탐정 코난: 할로윈의 신부", "original_language": "ja", "runtime": 111, "revenue": 40330183, "budget": 0, "vote_count": 29, "adult": 0, "movie_id": 903939, "vote_average": 6.1, "popularity": 43.039, "release_date": "2022-04-15", "overview": "극악무도한 폭파범 플라먀에 의해 교묘한 함정에 빠진 아무로 토오루! 모든 것이 베일에 가려진 플라먀, 유일한 단서는 아무로 토오루가 그의 경찰 동기들과 마지막으로 함께 했던 하루. 이와 동시에 결혼식의 신부가 된 경시청의 사토 형사는 불길한 예감을 감출 수 없는데…", "genre": [1, 3, 5, 13]}}, {"model": "movies.movie", "pk": 126, "fields": {"poster_path": "/sk4t0ttm61AhBKsTmHNXU5k7VZo.jpg", "backdrop_path": "/8mDJ1GqqVgbvYYeaZzbyMCMG78Q.jpg", "original_title": "Ennio", "title": "엔니오: 더 마에스트로", "original_language": "it", "runtime": 156, "revenue": 0, "budget": 0, "vote_count": 170, "adult": 0, "movie_id": 396194, "vote_average": 8.5, "popularity": 35.765, "release_date": "2022-02-17", "overview": "", "genre": [6, 12]}}, {"model": "movies.movie", "pk": 127, "fields": {"poster_path": "/6bcrhJQLoLNsYX4UGTOMQkCiACA.jpg", "backdrop_path": "/8ds9v8Lnj8JKuWRuRjVs8vDRsmS.jpg", "original_title": "The Phantom of the Open", "title": "The Phantom of the Open", "original_language": "en", "runtime": 102, "revenue": 0, "budget": 0, "vote_count": 45, "adult": 0, "movie_id": 717151, "vote_average": 6.9, "popularity": 42.863, "release_date": "2022-03-18", "overview": "", "genre": [4, 7]}}, {"model": "movies.movie", "pk": 128, "fields": {"poster_path": "/vxurWEPaBQrcxJLFwd78mqiFDR2.jpg", "backdrop_path": "/eTghklqxF7SnIvQc2VsYlx0zNXr.jpg", "original_title": "Plan A", "title": "플랜 A", "original_language": "de", "runtime": 110, "revenue": 0, "budget": 0, "vote_count": 62, "adult": 0, "movie_id": 714968, "vote_average": 6.0, "popularity": 43.501, "release_date": "2021-08-16", "overview": "세상에 드러나지 않은 가장 충격적인 복수극  히틀러와 괴벨스가 자살하며 제2차 세계대전이 끝나자,  살아남은 유대인 일부는 ‘나캄’(히브리어로 복수)이라는 비밀 결사를 조직한다.  “눈에는 눈”이라는 구약의 가르침을 따르는 그들은\r 나치가 학살한 600만 명의 유대인에 대한 복수로\r 600만 명의 독일인을 살해할 계획을 세우는데...", "genre": [7, 17]}}, {"model": "movies.movie", "pk": 129, "fields": {"poster_path": "/AmNNCZB5ck8zQ46WXoiwR7vbwbx.jpg", "backdrop_path": "/90XVAzZSEWcjphC3NNCgTTgGHFB.jpg", "original_title": "As bestas", "title": "As bestas", "original_language": "es", "runtime": 137, "revenue": 0, "budget": 0, "vote_count": 103, "adult": 0, "movie_id": 848685, "vote_average": 7.5, "popularity": 29.302, "release_date": "2022-07-20", "overview": "", "genre": [17]}}, {"model": "movies.movie", "pk": 130, "fields": {"poster_path": "/nWniH5tuElAYfEC9dTM9kJCwMer.jpg", "backdrop_path": "/AkMP3PyFoZr0BmARXuqH4NNHOUO.jpg", "original_title": "Easter Sunday", "title": "이스터 선데이", "original_language": "en", "runtime": 96, "revenue": 13071438, "budget": 17000000, "vote_count": 25, "adult": 0, "movie_id": 824281, "vote_average": 6.3, "popularity": 33.777, "release_date": "2022-08-05", "overview": "", "genre": [4]}}, {"model": "movies.movie", "pk": 131, "fields": {"poster_path": "/sKUM40YfAZPOOsEJXxvWOgRABNc.jpg", "backdrop_path": "/8ZvqKrlHqNeYw0TACRnWc0ZJYJM.jpg", "original_title": "一家子兒咕咕叫", "title": "一家子兒咕咕叫", "original_language": "zh", "runtime": 135, "revenue": 0, "budget": 0, "vote_count": 0, "adult": 0, "movie_id": 899460, "vote_average": 0.0, "popularity": 24.027, "release_date": "2022-11-18", "overview": "", "genre": [7, 8]}}, {"model": "movies.movie", "pk": 132, "fields": {"poster_path": "/2RKGUCbo2R6IDsufxApL6nRFL4j.jpg", "backdrop_path": "/bjfoBpZ5qP71wrUwGCLTZ2tDtw8.jpg", "original_title": "Brothers by Blood", "title": "브라더스 바이 블러드", "original_language": "en", "runtime": 90, "revenue": 0, "budget": 0, "vote_count": 130, "adult": 0, "movie_id": 592656, "vote_average": 5.7, "popularity": 35.266, "release_date": "2021-01-22", "overview": "", "genre": [5]}}, {"model": "movies.movie", "pk": 133, "fields": {"poster_path": "/w0nmol4g7n6MFfhfphV7GzHHYjB.jpg", "backdrop_path": "/s4DoJFeK5RGBuhDxhKkBzAuAKKv.jpg", "original_title": "Trick 'r Treat", "title": "트릭 오어 트릿", "original_language": "en", "runtime": 82, "revenue": 0, "budget": 12000000, "vote_count": 1504, "adult": 0, "movie_id": 23202, "vote_average": 7.0, "popularity": 41.728, "release_date": "2007-10-26", "overview": "밤이면 연쇄살인범으로 변하는 교장선생님, 파티를 위해 남자 파트너를 구해야 하는 여대생들, 할로윈의 금기 사항을 깨뜨린 부부 등 할로윈 하룻밤 사이 벌어진 다섯 가지 에피소드가 서로 연결된 스토리로 감독 브라이언 싱어가 프로듀서를 맡은 작품.", "genre": [4, 11]}}, {"model": "movies.movie", "pk": 134, "fields": {"poster_path": "/iSx6t4mj1FT4ePqPYHW287SmNa1.jpg", "backdrop_path": "/sqdsuvy8X6Maila4IAc7deMtPAA.jpg", "original_title": "Crimes of the Future", "title": "크라임스 오브 더 퓨처", "original_language": "en", "runtime": 107, "revenue": 4400000, "budget": 0, "vote_count": 550, "adult": 0, "movie_id": 819876, "vote_average": 6.3, "popularity": 43.216, "release_date": "2022-05-25", "overview": "환경 변화에 따른 무통증 증상과 돌연변이가 출몰하는 근미래, 인간을 둘러싼 모든 것이 합성된 인조물로 이루어진 세계에서 전위 예술가 사울과 그의 파트너 카프리스는 다른 이들과는 사뭇 다른 인생을 살고 있다. 인공적으로 사람의 신체를 끊임없이 변종 시킬 수 있다는 ‘진화의 가속 신드롬’ 맹신자인 사울은 자신의 신체를 훼손하는 전위적인 퍼포먼스를 선보인다. 그의 행위 예술은 추종자들에게 큰 반향을 불러일으키지만, 한편으론 상황을 수상하게 여긴 형사가 은밀히 조사를 시작하는 계기가 된다. 이에 굴하지 않고 신체를 이용한 위험한 공연을 계속하던 사울은, 자신의 몸이 쇠약해지고 있다는 것을 깨닫고 일생일대 최고로 쇼킹한 공연을 준비하는데…  [2022년 제27회 부산국제영화제]", "genre": [7, 11, 15]}}, {"model": "movies.movie", "pk": 135, "fields": {"poster_path": "/x4QkGoyf3Lj4xF1fv0T43GXPUDJ.jpg", "backdrop_path": "/y8nZZl5mRS6RWy7nMvVKoBUeLye.jpg", "original_title": "Soy Tu Fan: la película", "title": "Soy Tu Fan: la película", "original_language": "es", "runtime": 0, "revenue": 0, "budget": 0, "vote_count": 26, "adult": 0, "movie_id": 1002770, "vote_average": 7.8, "popularity": 44.415, "release_date": "2022-11-03", "overview": "", "genre": [4, 14]}}, {"model": "movies.movie", "pk": 136, "fields": {"poster_path": "/AbJiqVPGuPZ4RWNkT8tPnlEKe6g.jpg", "backdrop_path": "/dYghS9G00IbI3dEPHWcCm8YuviH.jpg", "original_title": "Koati", "title": "Koati", "original_language": "en", "runtime": 92, "revenue": 0, "budget": 0, "vote_count": 73, "adult": 0, "movie_id": 554594, "vote_average": 7.3, "popularity": 35.683, "release_date": "2021-10-22", "overview": "", "genre": [3, 12]}}, {"model": "movies.movie", "pk": 137, "fields": {"poster_path": "/XoIlgmMwbTC4SnmcxJhf8JNFgs.jpg", "backdrop_path": "/dQlQ23vhPzjAjnknwVYu61vIFk8.jpg", "original_title": "Scream 2", "title": "스크림 2", "original_language": "en", "runtime": 116, "revenue": 172363301, "budget": 24000000, "vote_count": 3167, "adult": 0, "movie_id": 4233, "vote_average": 6.4, "popularity": 37.397, "release_date": "1997-12-12", "overview": "2년전, 우즈보로를 피로 물들였던 사건을 다룬 게일의 책이 베스트셀러에 진입하면서 시드니 엄마의 살인범으로 기소된 카튼이 석방된다. 게다가 게일의 책이 영화로 만들어져, 첫 시사회를 갖던 중 두명의 대학생이 무참히 살해된다. 또다시 찾아온 공포, 비명소리는 극장에서 다시 시작된다. 끔찍한 악몽을 딛고 이제 대학생으로 평범한 삶을 찾아가던 시드니에게 또다시 전화벨이 울린다. 그녀의 곁에는 공포영화광 랜디, 다정한 남자친구 데릭, 더 큰 특종을 노리며 다가온 리포터 게일, 절룩거리며 끝없이 주위를 배회하는 듀이, 엄마의 살인범으로 기소됐다 풀려난 카튼, 그리고 호기심으로 몰려든 수많은 사람들이 있다. 그러나 시드니를 도우려는 사람들이 많아질수록 비명소리는 커져만 간다. 그들 모두는 희생자일수도 있고, 동시에 용의자일수도 있다. 자신외에는 아무도 믿을 수 없는 시드니, 과연 이 살인극을 벌이는 진범은 누구이며 도대체 무슨 이유로?", "genre": [11, 13]}}, {"model": "movies.movie", "pk": 138, "fields": {"poster_path": "/eGVXmezq1oIgyZOVEEcjjF1N9Fs.jpg", "backdrop_path": "/6d5vZGZVsw06RW8VsctSPY2FMKL.jpg", "original_title": "She Said", "title": "그녀가 말했다", "original_language": "en", "runtime": 129, "revenue": 0, "budget": 0, "vote_count": 7, "adult": 0, "movie_id": 837881, "vote_average": 8.0, "popularity": 43.167, "release_date": "2022-11-17", "overview": "미국의 대표 일간지 뉴욕타임스의 탐사 보도 취재 기자 메건 투히와 조디 캔터는 모두가 침묵하고 있던 할리우드의 악마 하비 와인스타인의 성추문 의혹을 취재하기 시작한다. 하지만 굳게 입을 다문 피해자들과 오히려 가해자를 보호하는 시스템이 이들을 막아서고 진실에 파고들던 두 사람은 생명의 위협까지 받게 되는데... 세상의 변화를 이끌어낸 이들의 집요한 진실 추적기가 시작된다.", "genre": [7]}}, {"model": "movies.movie", "pk": 139, "fields": {"poster_path": "/njmYtTRQ9hY35T9mmwrP7NnsNS6.jpg", "backdrop_path": "/lbxvZ4jooF6zHkC7fTeOCCaUhbe.jpg", "original_title": "The Legend of Maula Jatt", "title": "The Legend of Maula Jatt", "original_language": "pa", "runtime": 153, "revenue": 0, "budget": 0, "vote_count": 4, "adult": 0, "movie_id": 464293, "vote_average": 6.5, "popularity": 40.301, "release_date": "2022-10-13", "overview": "", "genre": [1, 7, 9]}}, {"model": "movies.movie", "pk": 140, "fields": {"poster_path": "/hHQgvcjKKyIJpgh81Qpa2dIw46W.jpg", "backdrop_path": "/9XLRqX9bRIHfvH2G5pM9QFyXXfZ.jpg", "original_title": "છેલ્લો શો", "title": "안녕, 시네마 천국", "original_language": "gu", "runtime": 110, "revenue": 0, "budget": 2000000, "vote_count": 11, "adult": 0, "movie_id": 821494, "vote_average": 7.1, "popularity": 41.338, "release_date": "2022-01-06", "overview": "자유로운 영혼을 가진 소년 사메이의 삶은 영화와 열정적인 사랑에 빠지면서 180도 바뀌게 된다. 영화를 보기 위해 장사도 잘되지 않는 아빠의 작은 찻집에서 돈을 훔치는가 하면 학교도 빼먹기 일쑤다. 9살 아들의 영화에 대한 '부도덕'한 집착을 알게 된 사메이의 아빠는 아들에게 매를 들며 '더러운' 영화 세계에서 발을 떼라고 경고한다. 하지만 이미 영화에 흠뻑 빠진 사메이에겐 너무 늦은 일일 뿐이다. 어느 날, 갤럭시 극장의 영상기사 페이잘을 알게 된 사메이는 은밀한 거래를 제안한다. 바로 엄마가 정성껏 싸준 도시락을 페이잘에게 건네는 대신 극장 영사실에서 마음껏 영화를 볼 수 있게 해주는 것! 이들의 '도시락-영화' 거래는 변치 않는 우정으로 발전하고 사메이는 친구들과 함께 자신들의 꿈인 35mm 영화를 찍기 시작한다. 그러나 얼마 지나지 않아 격변의 역사 속에서 둘은 가슴 아픈 선택을 하게 되고, 그들의 꿈은 영원히 사라질 위기에 처한다.", "genre": [7]}}, {"model": "movies.movie", "pk": 141, "fields": {"poster_path": "/fgy78BLl0gk8OzTWHZyGrSlIEON.jpg", "backdrop_path": "/rbDcOf6ZyvDRvuC28zSRhUI9Fvj.jpg", "original_title": "Triangle of Sadness", "title": "슬픔의 삼각형", "original_language": "en", "runtime": 147, "revenue": 11700000, "budget": 15600000, "vote_count": 269, "adult": 0, "movie_id": 497828, "vote_average": 7.7, "popularity": 38.21, "release_date": "2022-09-23", "overview": "부유한 패션 모델과 인스타그램 인플루언서 커플 등이 호화 유람선에 올라탄 뒤 이 배가 좌초되면서 유일하게 낚시를 할 줄 아는 청소부를 중심으로 계급관계가 반전되는 이야기", "genre": [4]}}, {"model": "movies.movie", "pk": 142, "fields": {"poster_path": "/9kvhnfgHxBibc2yoLYkZ6WQag6L.jpg", "backdrop_path": "/y5hbHJbERDFurustaqcVamN84Y0.jpg", "original_title": "The Others", "title": "디 아더스", "original_language": "en", "runtime": 101, "revenue": 209947037, "budget": 17000000, "vote_count": 5455, "adult": 0, "movie_id": 1933, "vote_average": 7.6, "popularity": 32.803, "release_date": "2001-08-02", "overview": "2차 대전이 막 끝난 1945년, 영국 해안의 외딴 저택. 전쟁에서 남편을 잃은 독실한 천주교도 그레이스(니콜 키드먼)와 빛에 노출되면 안되는 희귀병을 가진 두 아이가 살고 있다. 어느 날, 예전에 이 저택에서 일한 적이 있다는 세 명의 하인들이 들어오게 된다. 그레이스는 두 아이를 빛으로부터 지키기 위해 커튼은 항상 쳐져 있어야 하고, 문은 항상 잠겨있어야 한다는 '절대 규칙'을 하인들에게 가르친다. 이와 때를 같이 해서 저택에는 기괴한 일들이 끊이지 않는다. 아무도 없는 방에서 발자국 소리가 들리고, 피아노가 갑자기 연주된다. 또한 딸 앤은 이상한 남자아이와 할머니가 이 집에 머물고 있다는 얘기를 반복한다. 신에 대한 믿음이 너무나 강한 그레이스는 그런 딸의 말을 인정하지 않지만 두려움은 점점 그 무게를 더해만 간다. 마침내 그레이스는 그들을 위협하는 공포의 실체와 마주하게 되는데...", "genre": [11, 13, 17]}}, {"model": "movies.movie", "pk": 143, "fields": {"poster_path": "/qRyDcdmYktSXktXfGwbHfbq6NUq.jpg", "backdrop_path": "/5OJOKbjjuX4Wt8oLanWqa56NCMv.jpg", "original_title": "The Hating Game", "title": "헤이팅 게임", "original_language": "en", "runtime": 102, "revenue": 0, "budget": 0, "vote_count": 661, "adult": 0, "movie_id": 603661, "vote_average": 7.5, "popularity": 28.007, "release_date": "2021-12-09", "overview": "같은 사무실을 쓰는 루시와 조슈아는 서로 싫어하는 티를 굳이 숨기지 않는 자타 공인 회사 앙숙. 딱 한 사람만 승진할 수 있는 기회가 생기자 두 사람은 더욱 티격태격하기 시작한다. 라이벌 의식을 불태우던 루시는 어느 날 조슈아가 나오는 야한 꿈을 꾸게 된 뒤 그를 의식하게 되는데.", "genre": [4, 14]}}, {"model": "movies.movie", "pk": 144, "fields": {"poster_path": "/8gBzy5lvmu9QZWoJtrbZ39cXsIb.jpg", "backdrop_path": "/6LS4YtklwlHSHhNTCAiZGEXRvJZ.jpg", "original_title": "The Bodyguard", "title": "보디가드", "original_language": "en", "runtime": 129, "revenue": 411006740, "budget": 25000000, "vote_count": 2440, "adult": 0, "movie_id": 619, "vote_average": 6.7, "popularity": 29.127, "release_date": "1992-11-25", "overview": "프랭크 파머는 이성적인 사고를 가진, 일에 철저한 직업 경호원이다. 카터와 레이건 대통령의 경호원이기도 했던 그는 유명한 뮤직 스타 레이첼 매론의 경호를 담당하게 된다. 처음에는 자기가 누군가의 표적이 되고 있다 는 사실을 그다지 실감하지 못한 레이첼은 프랭크를 무시하는 듯한 태도를 보이지만 차츰 그의 중요성을 인식하면서 그에게 사랑을 느끼기 시작한다.", "genre": [1, 7, 12, 14, 17]}}, {"model": "movies.movie", "pk": 145, "fields": {"poster_path": "/vCBC2DX5jQjPpVe9oqeCa19l1Fo.jpg", "backdrop_path": "/akmMZoh4QN2INFwgDiHLo33rFVv.jpg", "original_title": "Speak No Evil", "title": "스픽 노 이블", "original_language": "da", "runtime": 97, "revenue": 0, "budget": 0, "vote_count": 150, "adult": 0, "movie_id": 833339, "vote_average": 6.7, "popularity": 29.894, "release_date": "2022-03-17", "overview": "토스카나에서 휴가 중이던 한 덴마크 가족과 네덜란드 가족은 친구가 된다. 몇 달 뒤 덴마크 가족은 네덜란드로 초대를 받아 주말에 떠나기로 한다. 그러나 얼마 지나지 않아 기쁨의 재회는 오해로 변질되고 네덜란드 가족이 생각했던 사람이 아니라는 것이 밝혀지면서 상황은 걷잡을 수 없게 된다.", "genre": [7, 11, 17]}}, {"model": "movies.movie", "pk": 146, "fields": {"poster_path": "/2yzpiUeOQHnbiOayAAwG0FcXRmc.jpg", "backdrop_path": "/rvFeNpYimvtEEZgkhiBfXJA5oTf.jpg", "original_title": "13 exorcismos", "title": "13 exorcismos", "original_language": "es", "runtime": 100, "revenue": 0, "budget": 0, "vote_count": 3, "adult": 0, "movie_id": 1026563, "vote_average": 5.7, "popularity": 27.213, "release_date": "2022-11-04", "overview": "", "genre": [7, 11]}}, {"model": "movies.movie", "pk": 147, "fields": {"poster_path": "/xjd6s1jgB1rwKQsiHv995aQbamY.jpg", "backdrop_path": "/ic8h5oYQWwqQWPyfpZUSomZTdao.jpg", "original_title": "The Novice", "title": "더 노비스", "original_language": "en", "runtime": 94, "revenue": 24322, "budget": 0, "vote_count": 79, "adult": 0, "movie_id": 821427, "vote_average": 6.3, "popularity": 31.078, "release_date": "2021-12-17", "overview": "대학 신입생 알렉스는 교내 조정부에 가입한 후 동급생 제이미에게 경쟁심을 느낀다. 늘 최고를 갈망하는 알렉스는 팀 1군에 들기 위해 훈련을 거듭하고, 스스로를 극한으로 내몰기 시작하는데···", "genre": [7, 17]}}, {"model": "movies.movie", "pk": 148, "fields": {"poster_path": "/1L904CSzPCEEpPcUoBWH4cjuGJW.jpg", "backdrop_path": "/a5alro35e0XUa21Hb9Wlci67U73.jpg", "original_title": "劇場版 ソードアート・オンライン -プログレッシブ- 冥き夕闇のスケルツォ", "title": "극장판 소드 아트 온라인 -프로그레시브- 짙은 어둠의 스케르초", "original_language": "ja", "runtime": 0, "revenue": 0, "budget": 0, "vote_count": 5, "adult": 0, "movie_id": 893712, "vote_average": 7.1, "popularity": 34.526, "release_date": "2022-10-22", "overview": "세계 최초의 VRMMORPG <소드 아트 온라인>이 데스 게임으로 변하면서, 1만 명의 플레이어들이 게임 세계에 갇혀 버린 이후, 이미 한 달 이상이 경과했다. 강철의 부유성 '아인크라드' 제1층을 공략한 아스나는 키리토와 콤비를 맺고 최상층을 목표로 여행을 이어가고 있었다. 정보상 아르고의 협력도 더해져서, 공략은 순조롭게 진행되는 것 같았지만...\r '아인크라드' 공략을 선도하는 2대 길드의 대립이 발생하고, 새로운 위협이 아스나와 키리토를 끌어들이기 시작한다.", "genre": [1, 3, 9, 15]}}, {"model": "movies.movie", "pk": 149, "fields": {"poster_path": "/n3oV6065tgYpukAjLxSbWcfqdg9.jpg", "backdrop_path": "/4AT2EM0wOkDB6kuClleU6ElIHyl.jpg", "original_title": "Call Jane", "title": "콜 제인", "original_language": "en", "runtime": 121, "revenue": 0, "budget": 0, "vote_count": 8, "adult": 0, "movie_id": 579496, "vote_average": 5.9, "popularity": 29.438, "release_date": "2022-10-27", "overview": "", "genre": [7, 10]}}, {"model": "movies.movie", "pk": 150, "fields": {"poster_path": "/yQskokowKAjjoo5YUchLo59eSU3.jpg", "backdrop_path": "/4hAhZ66n5iasGtSYHTFg6oGdJk0.jpg", "original_title": "De uskyldige", "title": "이노센트", "original_language": "no", "runtime": 117, "revenue": 0, "budget": 3400000, "vote_count": 259, "adult": 0, "movie_id": 660942, "vote_average": 7.0, "popularity": 31.971, "release_date": "2021-09-03", "overview": "북유럽의 밝은 여름, 어른들이 보지 않을 때 몇몇 아이가 어둡고 미스터리한 힘을 드러낸다. 영화는 여름 방학 동안 친구가 된 네 아이를 따라간다. 어른의 시야에서 벗어나면 아이들은 자신의 숨겨진 힘을 찾는다. 인근의 숲과 놀이터에서 새로운 능력을 탐구하는 가운데, 이들의 천진난만한 놀이는 어두운 쪽으로 바뀌어 이상한 일들이 벌어지기 시작한다.", "genre": [11, 17]}}, {"model": "movies.movie", "pk": 151, "fields": {"poster_path": "/imRd5Qsltoa12JQ2uanNlwnWRRs.jpg", "backdrop_path": "/4710HsftwjPvDRcAliBeHGdw2qw.jpg", "original_title": "Dear Zoe", "title": "Dear Zoe", "original_language": "en", "runtime": 94, "revenue": 0, "budget": 0, "vote_count": 8, "adult": 0, "movie_id": 646473, "vote_average": 5.4, "popularity": 25.437, "release_date": "2022-11-04", "overview": "", "genre": [7]}}, {"model": "movies.movie", "pk": 152, "fields": {"poster_path": "/o9NyjwLA0JtlJj9eb97LXtkLjBM.jpg", "backdrop_path": "/ufMDhdkDCwQNO6aAktQTvwqOfSe.jpg", "original_title": "À plein temps", "title": "풀타임", "original_language": "fr", "runtime": 87, "revenue": 0, "budget": 3000000, "vote_count": 92, "adult": 0, "movie_id": 833417, "vote_average": 7.3, "popularity": 25.583, "release_date": "2022-03-16", "overview": "파리 교외에서 홀로 두 아이를 기르는 쥘리는 파리 시내의 호텔 룸메이드로 일하며 장거리 출퇴근을 하고 있다. 그녀는 직장 상사 몰래 원하는 직장에 면접을 보게 되고 새로운 삶이 열릴 거라 기대한다. 그런데 전국적인 교통 파업이 발생하여 대중교통 시스템이 마비되자 자신의 직장도, 새롭게 얻으려는 직장도, 자신의 가정도, 아슬아슬하게 부여잡고 있던 일상의 모든 것이 엉망이 될 위기에 처한다. 오늘도 지각 위기에 놓여 절박한 표정으로 파리 시내를 전력 질주하는 쥘리.", "genre": [7]}}, {"model": "movies.movie", "pk": 153, "fields": {"poster_path": "/xPazCcKp62IshnLVf9BLAjf9vgC.jpg", "backdrop_path": "/bvkPno6U02lLyvPWCnmibq4eIaN.jpg", "original_title": "Poltergeist", "title": "폴터가이스트", "original_language": "en", "runtime": 114, "revenue": 122200000, "budget": 10700000, "vote_count": 2469, "adult": 0, "movie_id": 609, "vote_average": 7.1, "popularity": 32.996, "release_date": "1982-06-04", "overview": "두 아이와 부부가 살고 있는 평범한 한 가정에서 이상한 일이 발생한다. 갑자기 집에 있는 가구와 물건들이 저절로 움직이는 초자연 현상이 일어난 것이다. 가족들은 이런 현상이 TV와 교신하는 막내딸과 관계가 있음을 알아내고는 공포에 휩싸인다. 그러던 어느날 집앞의 나무가 움직이고 천둥이 치면서 집기류가 난동을 부리는 와중에 막내딸이 실종된다. 가족들은 초심리학자를 초대하여 막내딸을 찾지만 텔레비젼에서 도와달라는 소리만 들릴뿐 초심리학자도 원인을 찾아내지 못한다. 단지 그 집터가 원래 공동묘지엿다는 사실만 밝혀진다.", "genre": [11]}}, {"model": "movies.movie", "pk": 154, "fields": {"poster_path": "/zrh0bv8L6DXl2Es07Hc6Aajkqnj.jpg", "backdrop_path": "/6RCf9jzKxyjblYV4CseayK6bcJo.jpg", "original_title": "The Fabelmans", "title": "더 파벨만스", "original_language": "en", "runtime": 151, "revenue": 309655, "budget": 40000000, "vote_count": 2, "adult": 0, "movie_id": 804095, "vote_average": 10.0, "popularity": 29.548, "release_date": "2022-11-11", "overview": "제2차 세계 대전 이후 애리조나에서 자란 새미 파벨만이라는 한 젊은이는  파괴적인 가족 비밀을 발견하고 영화의 힘이 진실을 보는 데  어떻게 도움이 되는지 탐구합니다.", "genre": [4, 7]}}, {"model": "movies.movie", "pk": 155, "fields": {"poster_path": "/zC5SJ18v9AhiHoFOIzZASqSxsPh.jpg", "backdrop_path": "/r2tDSD6kcHflPzsGepl8aTPTWxy.jpg", "original_title": "Accident Man: Hitman's Holiday", "title": "액시던트 맨 2", "original_language": "en", "runtime": 96, "revenue": 0, "budget": 0, "vote_count": 38, "adult": 0, "movie_id": 879444, "vote_average": 6.7, "popularity": 29.562, "release_date": "2022-10-14", "overview": "", "genre": [1, 4, 5]}}, {"model": "movies.movie", "pk": 156, "fields": {"poster_path": "/wMvoDzS6xhUpFOt5xokC2ofSxGw.jpg", "backdrop_path": "/9OKzKuCfcMwpHVp56pjNI7J4xXR.jpg", "original_title": "Dawn of the Dead", "title": "시체들의 새벽", "original_language": "en", "runtime": 116, "revenue": 55000000, "budget": 650000, "vote_count": 1701, "adult": 0, "movie_id": 923, "vote_average": 7.5, "popularity": 31.579, "release_date": "1978-09-02", "overview": "어떤 병원체로 인해 수 많은 사람들이 좀비가 되어 뇌만 죽은 채 의식없이 거리를 방황한다. 이들은 오직 살아있는 사람들을 먹기 위해 달려들고, 좀비에게 물리게 되면 그 사람도 같은 상태가 된다. 이로 인해 좀비들은 점차 늘어나고 세상은 온통 무질서의 마비 상태가 된다. 이때 네 사람이 헬기로 어떤 한적한 곳의 백화점에 피신하게 되고 좀비들로부터 포위되는데...", "genre": [11]}}, {"model": "movies.movie", "pk": 157, "fields": {"poster_path": "/yJNNwHQuKYNeHFbsxSFR6yK9Dda.jpg", "backdrop_path": "/zfS6OVeKeuV2ocMSEJ2WuMQX1nR.jpg", "original_title": "दृश्यम २", "title": "दृश्यम २", "original_language": "hi", "runtime": 142, "revenue": 0, "budget": 0, "vote_count": 3, "adult": 0, "movie_id": 1029827, "vote_average": 8.0, "popularity": 29.619, "release_date": "2022-11-18", "overview": "", "genre": [5, 7, 13, 17]}}, {"model": "movies.movie", "pk": 158, "fields": {"poster_path": "/c6u2iNDl73ltbBGB3dzpz1Y0F3Y.jpg", "backdrop_path": "/83Vt9Io9xSFKfKDdgxqKZgdqjuZ.jpg", "original_title": "Blowback", "title": "블로우백", "original_language": "en", "runtime": 94, "revenue": 0, "budget": 0, "vote_count": 18, "adult": 0, "movie_id": 972313, "vote_average": 5.3, "popularity": 39.802, "release_date": "2022-06-17", "overview": "아픈 딸의 병원비가 절실한 닉은 은행에 보관되어 있는 마피아의 물건을 훔치기 위해 팀을 꾸린다.\r 하지만, 팀원들의 배신으로 총을 맞고 훔친 물건까지 빼앗긴 닉은 구사일생으로 살아나 복수를 준비하는데...\r 훔친 물건의 주인인 마피아 발렌티를 찾아간 그는 마피아와 손잡고 배신자들을 찾아나선다!", "genre": [1, 5, 17]}}, {"model": "movies.movie", "pk": 159, "fields": {"poster_path": "/67ZsRKbItt6B1yHlsJKgfPWOyuJ.jpg", "backdrop_path": "/xDEVdWduhRdNS4PzA6wif6FjUQb.jpg", "original_title": "Hanuman: Shadow Master", "title": "Hanuman: Shadow Master", "original_language": "en", "runtime": 90, "revenue": 0, "budget": 0, "vote_count": 4, "adult": 0, "movie_id": 1036561, "vote_average": 4.9, "popularity": 26.305, "release_date": "2022-11-03", "overview": "", "genre": [1, 9, 13, 17]}}, {"model": "movies.movie", "pk": 160, "fields": {"poster_path": "/qzpeegVCMYp8lWVt4WY9S4zQ9Kp.jpg", "backdrop_path": "/2NrIzba4wHUYXJurKAMFs70Qcok.jpg", "original_title": "Deadstream", "title": "목숨 건 스트리밍", "original_language": "en", "runtime": 87, "revenue": 0, "budget": 0, "vote_count": 61, "adult": 0, "movie_id": 886083, "vote_average": 6.4, "popularity": 22.689, "release_date": "2022-10-20", "overview": "물의를 일으킨 한 인터넷 방송인이 귀신들린 집에서 하룻밤을 보내는 라이브 스트리밍으로 팔로워 수를 만회하려고 한다. 하지만 그는 실수로 복수심에 불타는 영혼을 건드리게 되고 그가 꿈꾼 화려한 컴백은 생사가 걸린 싸움이 된다.", "genre": [4, 11]}}, {"model": "movies.movie", "pk": 161, "fields": {"poster_path": "/uU3YoLSaVBOaMryzhuiiRWDFbIw.jpg", "backdrop_path": "/zmpvhQQ8HcwwD1MujPZIEpT92GW.jpg", "original_title": "Bodies Bodies Bodies", "title": "바디스 바디스 바디스", "original_language": "en", "runtime": 94, "revenue": 10000000, "budget": 0, "vote_count": 300, "adult": 0, "movie_id": 520023, "vote_average": 6.5, "popularity": 25.123, "release_date": "2022-08-05", "overview": "", "genre": [4, 11, 13]}}, {"model": "movies.movie", "pk": 162, "fields": {"poster_path": "/scyIEN8rQKOuA6qC8XsUVIFlFp1.jpg", "backdrop_path": "/oFAukXiMPrwLpbulGmB5suEZlrm.jpg", "original_title": "Sri Asih", "title": "Sri Asih", "original_language": "id", "runtime": 131, "revenue": 0, "budget": 0, "vote_count": 2, "adult": 0, "movie_id": 624091, "vote_average": 8.0, "popularity": 21.46, "release_date": "2022-11-17", "overview": "", "genre": [1, 2, 7]}}, {"model": "movies.movie", "pk": 163, "fields": {"poster_path": "/6RuKz3FRFw6squmUNO7ULbAg5SW.jpg", "backdrop_path": "/c5iPQhmZaq8eC8duhPTN373duEr.jpg", "original_title": "Los renglones torcidos de Dios", "title": "Los renglones torcidos de Dios", "original_language": "es", "runtime": 154, "revenue": 0, "budget": 0, "vote_count": 20, "adult": 0, "movie_id": 890980, "vote_average": 6.9, "popularity": 16.815, "release_date": "2022-10-06", "overview": "", "genre": [7, 17]}}, {"model": "movies.movie", "pk": 164, "fields": {"poster_path": "/n1SlTeEv3dNJB3gF9AHAVElQ6LO.jpg", "backdrop_path": "/jwFBzWabfWpnN9P5YIVVX5W8WUY.jpg", "original_title": "Vengeance", "title": "벤젠스", "original_language": "en", "runtime": 108, "revenue": 4225720, "budget": 0, "vote_count": 129, "adult": 0, "movie_id": 683340, "vote_average": 6.8, "popularity": 22.966, "release_date": "2022-07-29", "overview": "한 작가가 뉴욕에서 잠깐 만났던 여자의 살인 사건을 조사하려고 텍사스에 가서 겪게 되는 이야기를 담은 영화", "genre": [4, 13, 17]}}, {"model": "movies.movie", "pk": 165, "fields": {"poster_path": "/2wj5iUJ2B5AQ1lFctJgUrHHsp9B.jpg", "backdrop_path": "/zNE4oUkZnpbCpFiJbbaX4YJOPmE.jpg", "original_title": "Detective Knight: Rogue", "title": "Detective Knight: Rogue", "original_language": "en", "runtime": 105, "revenue": 0, "budget": 0, "vote_count": 7, "adult": 0, "movie_id": 1024546, "vote_average": 5.3, "popularity": 26.101, "release_date": "2022-10-21", "overview": "", "genre": [1, 5]}}, {"model": "movies.movie", "pk": 166, "fields": {"poster_path": "/dpeR3ue0Q93Rk8jhE2DzVPMRGIm.jpg", "backdrop_path": "/frLvNMm25SlmvEZM8hlhYKBkGoS.jpg", "original_title": "The Banshees of Inisherin", "title": "이니셰린의 밴시", "original_language": "en", "runtime": 114, "revenue": 10000000, "budget": 0, "vote_count": 47, "adult": 0, "movie_id": 674324, "vote_average": 8.2, "popularity": 28.031, "release_date": "2022-10-21", "overview": "파드레익은 아일랜드의 시골 마을에서 누나와 단둘이 살고 있다. 그가 교류하는 사람은 오랜 절친 콤과 마을 유일한 경찰의 아들 도미닉 뿐이다. 어느 날, 콤이 파드레익에게 절교를 선언하고 그를 피하기 시작한다. 일방적인 절교를 받아들일 수 없던 파드레익은 계속해서 그의 주변을 맴돌고, 이에 콤이 극단적인 방법을 선택하면서 둘의 운명은 전혀 예상치 못한 방향으로 흘러간다.", "genre": [4, 7]}}, {"model": "movies.movie", "pk": 167, "fields": {"poster_path": "/yph9PAbmjYPvyvbeZvdYIhCZHEu.jpg", "backdrop_path": "/llKoPyI65kTIwpmK0QUEMYlJRW1.jpg", "original_title": "Bandit", "title": "밴디트", "original_language": "en", "runtime": 126, "revenue": 0, "budget": 0, "vote_count": 39, "adult": 0, "movie_id": 842942, "vote_average": 6.9, "popularity": 19.224, "release_date": "2022-09-23", "overview": "", "genre": [5, 7, 17]}}, {"model": "movies.movie", "pk": 168, "fields": {"poster_path": "/xIC5SZoGiQRgM4TLnnxZEsuFSU0.jpg", "backdrop_path": "/5sl6GEHjvo0V2lGYlcCghTkUUzK.jpg", "original_title": "Alcarràs", "title": "알카라스의 여름", "original_language": "ca", "runtime": 120, "revenue": 0, "budget": 0, "vote_count": 49, "adult": 0, "movie_id": 804251, "vote_average": 7.1, "popularity": 21.403, "release_date": "2022-04-29", "overview": "해가 내리쬐는 작은 마을, 알카라스  매 여름마다 복숭아를 수확하기 위해  3대째 모이는 솔레 가족은 찬란한 계절을 누린다. 탐스러운 복숭아처럼 영글어가는 가족의 이야기. 그 해 여름의 복숭아는 저마다의 기억으로 자란다.", "genre": [7, 14]}}, {"model": "movies.movie", "pk": 169, "fields": {"poster_path": "/lAxUEIHjzqYcatkYKKEOudJW2mA.jpg", "backdrop_path": "/gZ8rZCuZ6I2ilZNjRYDkLw7XBWM.jpg", "original_title": "Manifest West", "title": "Manifest West", "original_language": "en", "runtime": 0, "revenue": 0, "budget": 0, "vote_count": 4, "adult": 0, "movie_id": 762895, "vote_average": 6.5, "popularity": 19.699, "release_date": "2022-11-11", "overview": "", "genre": [7]}}, {"model": "movies.movie", "pk": 170, "fields": {"poster_path": "/pVsm9S2fOj9pOohbAWBQEn0pjTO.jpg", "backdrop_path": "/4TP35MMt9haLLtNWw4tCi1OFUnj.jpg", "original_title": "Los agitadores", "title": "Los agitadores", "original_language": "es", "runtime": 102, "revenue": 0, "budget": 0, "vote_count": 4, "adult": 0, "movie_id": 978415, "vote_average": 5.8, "popularity": 18.207, "release_date": "2022-09-17", "overview": "", "genre": [4, 7]}}, {"model": "movies.movie", "pk": 171, "fields": {"poster_path": "/eeUdfyV5vGtrJ6C8zUttdyVq5KT.jpg", "backdrop_path": "/eLYJu0JY7uAu0XeltM5OL3fdPDn.jpg", "original_title": "Die Wannseekonferenz", "title": "Die Wannseekonferenz", "original_language": "de", "runtime": 107, "revenue": 0, "budget": 0, "vote_count": 12, "adult": 0, "movie_id": 910365, "vote_average": 7.0, "popularity": 26.841, "release_date": "2022-05-06", "overview": "", "genre": [7, 10, 16]}}, {"model": "movies.movie", "pk": 172, "fields": {"poster_path": "/vFvTzOhu2hmSQjPftGKNIuBo02V.jpg", "backdrop_path": null, "original_title": "Notre Histoire", "title": "Notre Histoire", "original_language": "fr", "runtime": 123, "revenue": 0, "budget": 0, "vote_count": 0, "adult": 0, "movie_id": 647228, "vote_average": 0.0, "popularity": 15.074, "release_date": "2022-11-20", "overview": "", "genre": []}}, {"model": "movies.movie", "pk": 173, "fields": {"poster_path": "/7qkJZ3t8fcbpVq2PQOUU1Zy8YKv.jpg", "backdrop_path": "/giveZjQGE4Pn3kJvsTn7uHqLjZS.jpg", "original_title": "Armageddon Time", "title": "아마겟돈 타임", "original_language": "en", "runtime": 114, "revenue": 0, "budget": 0, "vote_count": 53, "adult": 0, "movie_id": 615952, "vote_average": 6.8, "popularity": 24.024, "release_date": "2022-10-28", "overview": "자유로운 아티스트를 꿈꾸는 폴에게 아빠와 엄마, 형은 너무 엄격하기만 하다. 꿈 이야기를 진지하게 들어주는 사람은 할아버지뿐. 학교에서는 단짝 친구 죠니만이 마음을 알아주는데, 어른들은 죠니가 흑인이라는 이유로 거리를 두라고 말한다. 폴은 죠니와 답답한 뉴욕을 떠나 플로리다행을 계획하는데...", "genre": [7]}}, {"model": "movies.movie", "pk": 174, "fields": {"poster_path": "/7R2xM9ja56wWgLx6heHGoTlC9Sq.jpg", "backdrop_path": "/wYDXJOm6msTdXShICYHJwg1OYYn.jpg", "original_title": "Rex Gildo – Der letzte Tanz", "title": "Rex Gildo – Der letzte Tanz", "original_language": "de", "runtime": 88, "revenue": 0, "budget": 0, "vote_count": 0, "adult": 0, "movie_id": 866325, "vote_average": 0.0, "popularity": 14.91, "release_date": "2022-11-20", "overview": "", "genre": [6, 7]}}, {"model": "movies.movie", "pk": 175, "fields": {"poster_path": "/ujSfZRoLEVFwqZGYKYHaHIiEUjk.jpg", "backdrop_path": "/xgpIKt51eLN3emzu6U0G5Jl4sKo.jpg", "original_title": "La Jauría", "title": "소년배", "original_language": "es", "runtime": 86, "revenue": 0, "budget": 0, "vote_count": 0, "adult": 0, "movie_id": 961735, "vote_average": 0.0, "popularity": 15.387, "release_date": "2022-11-20", "overview": "엘리우는 공범인 친구와 깊은 정글에 위치한 소년원에 도착한다. 교화 시설의 외양과 달리, ‘약물중독, 사기, 도둑질, 살인’의 범죄를 자인한 촉법소년들은 사슬에 묶인 채 강제노역에 동원된다. 낮에는 괴이한 정신수양 훈련에 참여하고 늦은 밤에는 옹기종기 모여 ‘끗발이 죽여주는’ 약물에 대해 이야기한다.", "genre": [7, 17]}}, {"model": "movies.movie", "pk": 176, "fields": {"poster_path": "/tgVBMIiJczfBWINRRd9yxE8ESln.jpg", "backdrop_path": "/wizYHZzSr0wJmB3Oo6LTFaP4HzY.jpg", "original_title": "Emily", "title": "에밀리", "original_language": "en", "runtime": 130, "revenue": 860355, "budget": 0, "vote_count": 12, "adult": 0, "movie_id": 707103, "vote_average": 7.0, "popularity": 20.131, "release_date": "2022-10-14", "overview": "", "genre": [7, 10, 14]}}, {"model": "movies.movie", "pk": 177, "fields": {"poster_path": "/gLhC1WjiiWMxrCq9CSQheciIrpZ.jpg", "backdrop_path": "/g3DN8fSeA6ExeiNbA7Kh3w3FL21.jpg", "original_title": "La Nuit du 12", "title": "밤, 혹은 클라라의 죽음", "original_language": "fr", "runtime": 114, "revenue": 0, "budget": 0, "vote_count": 112, "adult": 0, "movie_id": 925102, "vote_average": 7.5, "popularity": 32.9, "release_date": "2022-07-13", "overview": "2016년 10월 12일 밤, 21세의 클라라 로이에가 온몸에 휘발유를 덮어쓰고 산채로 불태워졌다. 누가 이런 야만적인 짓을 저질렀나? 요한과 사법경찰은 클라라 측근을 중심으로 탐문에 나선다. 클라라가 사귀던 남자들 중 한 명이 저지른 보복 행위라는 데에는 의심의 여지가 없다. 수사에는 진척이 없는데 경찰은 설상가상으로 피해자의 개방적인 성격과 자유로운 연애관을 섣불리 판단하려 든다.", "genre": [5, 17]}}, {"model": "movies.movie", "pk": 178, "fields": {"poster_path": "/fRIMcUVUctjDMoQxgnoJxHFhlRx.jpg", "backdrop_path": "/uq8ZqjgFhmWLj4QzJshnNseVRbx.jpg", "original_title": "Smagen af sult", "title": "코펜하겐 스캔들", "original_language": "da", "runtime": 104, "revenue": 0, "budget": 0, "vote_count": 29, "adult": 0, "movie_id": 766105, "vote_average": 6.3, "popularity": 21.07, "release_date": "2021-06-24", "overview": "코펜하겐에서 레스토랑을 운영하는 ‘매기’와 ‘카스텐’은 그 어떤 연인보다 서로를 열정적으로 사랑한다. 하지만 카스텐이 미쉐린 스타를 갈망할수록 매기는 점점 외로움을 느끼게 된다. 지쳐가는 매기 앞에 나타난 카스텐의 제자 ‘프레드릭’. 매기와 프레드릭은 서로에게 욕망의 맛을 느끼고 결국 넘지 말아야 할 선을 넘어버리는데…", "genre": [7, 14]}}, {"model": "movies.movie", "pk": 179, "fields": {"poster_path": "/rYobaxr1JHhmOSszqQh5Aj4Viiu.jpg", "backdrop_path": "/gRTYArznK1MLAq7opC1tYHnTwM3.jpg", "original_title": "The Cursed", "title": "에이트 포 실버", "original_language": "en", "runtime": 111, "revenue": 4588389, "budget": 0, "vote_count": 138, "adult": 0, "movie_id": 630392, "vote_average": 6.8, "popularity": 23.354, "release_date": "2021-07-28", "overview": "19세기 후반, 잔인한 토지 남작이 로마 부족을 학살하고 가족과 마을에 저주를 퍼붓습니다. 그 뒤를 이어 마을 사람들은 악몽에 시달리고 남작의 아들은 실종되고 소년은 살해된 채로 발견됩니다. 지역 주민들은 야생 동물을 의심하지만 방문하는 병리학자는 숲 속에 더 사악한 존재가 도사리고 있다고 경고합니다.", "genre": [9, 11, 13]}}, {"model": "movies.movie", "pk": 180, "fields": {"poster_path": "/ogWWEsavzgs3Qt0FnMfizJ1A4Et.jpg", "backdrop_path": "/1bBq4sVRqqdVIlg1rTF76rgOYU0.jpg", "original_title": "Incroyable mais vrai", "title": "믿거나 말거나, 진짜야", "original_language": "fr", "runtime": 74, "revenue": 0, "budget": 0, "vote_count": 131, "adult": 0, "movie_id": 735697, "vote_average": 6.1, "popularity": 23.433, "release_date": "2022-06-15", "overview": "쿠엔틴 듀피유의 기발한 상상은 멈추지 않는다. 이사 온 집 지하에 마법의 터널이 있다면 어떻게 반응할까? 마을을 ’로우키‘라 일컫는 데서 보듯 그의 영화로선 드물게 울적한 코미디다. 게다가 웬디 카를로스보다 바흐를 더 흐물거리게 편곡한 존 산토의 신디사이저가 정신을 몽롱하게 한다. 표면적으로는, 집과 직장 상사의 비밀을 빌려 인간의 헛된 욕망과 시간의 패러독스를 말하는 영화다. 단, 듀피유는 언제나 예술에 관한 정의를 숨겨둔다. 예를 들어, 현실을 벗어나 극장에서 시간을 보내고 나왔을 때 영화가 형편없으면 삶에서 그 시간을 잃어버린 것인가. 반대로 시간을 보상받으려면 좋은 예술이 선행되어야만 하는가. 창작자와 수용자의 관계에 대한 흥미로운 상상을 제공하는 영화다. 독특한 리듬과 주제의 묘미를 동시에 전하는 편집이 압권이다. (부산영화제)", "genre": [4]}}, {"model": "movies.movie", "pk": 181, "fields": {"poster_path": "/reiVOBoIb4YObjxLpMB4qQbdYbA.jpg", "backdrop_path": "/he0XbwtxDiRnPERvboWMkvXFdAJ.jpg", "original_title": "Boiling Point", "title": "보일링 포인트", "original_language": "en", "runtime": 92, "revenue": 0, "budget": 0, "vote_count": 256, "adult": 0, "movie_id": 807196, "vote_average": 7.3, "popularity": 17.041, "release_date": "2021-07-05", "overview": "365일 중 가장 바쁜 크리스마스, 런던의 고급 레스토랑.  셰프 ‘앤디’는 사고 없이 음식과 직원, 손님 모두를 살펴야 한다.  쏟아지는 주문으로 정신없는 가운데  반갑지 않은 위생 관리관의 급습과  입맛 까다로운 평론가의 눈치까지 보게 되고,  여기에 상황을 아는지 모르는지 직원들은 서로 싸우기까지 한다.  도저히 통제되지 않는 현장에  ‘앤디’는 점점 끓어오르기 시작하는데…", "genre": [7, 17]}}, {"model": "movies.movie", "pk": 182, "fields": {"poster_path": null, "backdrop_path": null, "original_title": "Karl Stark - Momente. 1988 - 2008", "title": "Karl Stark - Momente. 1988 - 2008", "original_language": "en", "runtime": 92, "revenue": 0, "budget": 0, "vote_count": 0, "adult": 0, "movie_id": 1046039, "vote_average": 0.0, "popularity": 15.163, "release_date": "2022-11-20", "overview": "", "genre": []}}, {"model": "movies.movie", "pk": 183, "fields": {"poster_path": "/h9Hy8PN25fik7oRTtnE7XnJOvK0.jpg", "backdrop_path": "/jJgSHP25WvL3WQdWY3VydXJOs9l.jpg", "original_title": "In Her Hands", "title": "인 허 핸즈", "original_language": "fa", "runtime": 93, "revenue": 0, "budget": 0, "vote_count": 3, "adult": 0, "movie_id": 1014884, "vote_average": 7.0, "popularity": 18.343, "release_date": "2022-11-16", "overview": "서방의 군대가 철수한 아프가니스탄. 아프가니스탄의 최연소 여성 시장이 죽음을 무릅쓰고 다음 세대의 교육을 위한 싸움에 앞장선다.", "genre": [6]}}, {"model": "movies.movie", "pk": 184, "fields": {"poster_path": "/5vN5tDhANS3dNfD1oz7kvHyY9D6.jpg", "backdrop_path": "/y7I12qhVEPZwpoem1PQuu761MaU.jpg", "original_title": "Reyes contra Santa", "title": "Reyes contra Santa", "original_language": "es", "runtime": 106, "revenue": 0, "budget": 0, "vote_count": 1, "adult": 0, "movie_id": 987758, "vote_average": 7.0, "popularity": 24.843, "release_date": "2022-11-18", "overview": "", "genre": [4, 9]}}, {"model": "movies.movie", "pk": 185, "fields": {"poster_path": "/280AKYNqttf0QjvfhGBE7CV5XpV.jpg", "backdrop_path": null, "original_title": "10 Double Zero", "title": "10 Double Zero", "original_language": "en", "runtime": 0, "revenue": 0, "budget": 8000000, "vote_count": 0, "adult": 0, "movie_id": 623112, "vote_average": 0.0, "popularity": 13.168, "release_date": "2022-11-17", "overview": "", "genre": [5]}}, {"model": "movies.movie", "pk": 186, "fields": {"poster_path": "/oainIPjZ9LomYIQd0NB754pCvXM.jpg", "backdrop_path": "/7CqkZCY3tRo5xsi99DGGVerKt1K.jpg", "original_title": "Bardo, falsa crónica de unas cuantas verdades", "title": "바르도, 약간의 진실을 섞은 거짓된 연대기", "original_language": "es", "runtime": 159, "revenue": 0, "budget": 0, "vote_count": 9, "adult": 0, "movie_id": 685691, "vote_average": 8.1, "popularity": 21.626, "release_date": "2022-10-27", "overview": "뛰어난 영상미와 몰입의 경험을 선사할 장대한 영화 <바르도, 약간의 진실을 섞은 거짓된 연대기>는\r 멕시코 출신의 저명한 저널리스트이자 다큐멘터리 감독인 실베리오가 로스앤젤레스에서 고향인 멕시코로 떠나는 사적이고 감동적인 여정을 그린다.\r 명망 있는 국제 시상식의 수상자로 지명된 실베리오는 고국을 다시 찾고 싶은 강한 충동을 느낀다.\r 그때는 이 간단한 여행이 자신을 실존적 한계로 몰고 가게 될 줄은 꿈에도 생각지 못한다.\r 그가 경험하는 기억의 어리석음과 두려움이 현재로 관통해 들어오면서 실베리오의 일상은 당혹감과 경이로움으로 채워지게 된다.\r 실베리오는 때로는 뭉클하게, 또 때로는 웃음을 자아내며, 보편적인 동시에 매우 사적인 질문들을 붙들고, 씨름하기 시작한다.\r 정체성, 성공, 죽음이라는 한계, 멕시코의 역사, 그리고 아내, 아이들과 공유하는 가족이라는 깊은 정서적 유대까지 그의 질문은 이어진다.\r 그리고 이 매우 독특한 시대에 과연 인간이라는 것이 무엇을 의미하는지도.", "genre": [4, 7]}}, {"model": "movies.movie", "pk": 187, "fields": {"poster_path": "/hwfBHEEhoXMuP8hDrTxmaP36VR0.jpg", "backdrop_path": null, "original_title": "Dejar Grabada Una Canción", "title": "Dejar Grabada Una Canción", "original_language": "es", "runtime": 0, "revenue": 0, "budget": 0, "vote_count": 1, "adult": 0, "movie_id": 1046613, "vote_average": 5.0, "popularity": 13.326, "release_date": "2022-11-20", "overview": "", "genre": [6]}}, {"model": "movies.movie", "pk": 188, "fields": {"poster_path": "/1A7VZ12Rlx6qv3uqjVdm5pDsR1S.jpg", "backdrop_path": "/eJS9th3igRfB9OAxMADOpHcnztl.jpg", "original_title": "Hounded", "title": "Hounded", "original_language": "en", "runtime": 94, "revenue": 0, "budget": 0, "vote_count": 5, "adult": 0, "movie_id": 935999, "vote_average": 5.4, "popularity": 15.631, "release_date": "2022-10-21", "overview": "", "genre": [1, 11, 17]}}, {"model": "movies.movie", "pk": 189, "fields": {"poster_path": "/wxE31WGfHb8Hhu0UUwgccFaFR3.jpg", "backdrop_path": null, "original_title": "Silent Life", "title": "Silent Life", "original_language": "en", "runtime": 96, "revenue": 0, "budget": 0, "vote_count": 0, "adult": 0, "movie_id": 590211, "vote_average": 0.0, "popularity": 13.419, "release_date": "2022-11-19", "overview": "", "genre": [7]}}, {"model": "movies.movie", "pk": 190, "fields": {"poster_path": "/hasywzFQia1Gc2dqma68XKsfkvT.jpg", "backdrop_path": "/gE1AlXZWgUTj4rRCImsvuLXVa59.jpg", "original_title": "La befana vien di notte 2 - Le origini", "title": "크리스마스 마녀의 전설", "original_language": "it", "runtime": 116, "revenue": 0, "budget": 0, "vote_count": 40, "adult": 0, "movie_id": 811050, "vote_average": 6.1, "popularity": 17.32, "release_date": "2021-12-30", "overview": "마녀들이 존재하는 18세기, 거리의 부랑아 파올라는 괴팍한 성격의 곱추 미켈리스 남작에게 눈엣가시 같은 존재다. 파올라는 마녀로 몰려 화형 당할 위기에서 처하지만 착한 마녀 돌로레스에게 구출된다. 마법사가 되기 위한 훈련과 긴장감 넘치는 추격전, 황홀한 변신과 갖가지 기상천외한 모험이 가득한 파올라Paola의 전설이 지금부터 시작된다!", "genre": [4, 8, 9]}}, {"model": "movies.movie", "pk": 191, "fields": {"poster_path": "/bECRgzBQ3nvgDtqPvZMGcMkm30.jpg", "backdrop_path": "/6tCTR5Gr91Kocrt0goLrpFs1tqh.jpg", "original_title": "Rien à foutre", "title": "Rien à foutre", "original_language": "fr", "runtime": 110, "revenue": 0, "budget": 0, "vote_count": 106, "adult": 0, "movie_id": 833326, "vote_average": 6.5, "popularity": 19.61, "release_date": "2022-03-02", "overview": "", "genre": [4, 7]}}, {"model": "movies.movie", "pk": 192, "fields": {"poster_path": "/8Ji1h0nZB1fmimAalfi97fnKfXg.jpg", "backdrop_path": "/tjcNoF5ZtkwHscF9MRUFTsklO3W.jpg", "original_title": "Empire of Light", "title": "빛의 제국", "original_language": "en", "runtime": 115, "revenue": 0, "budget": 0, "vote_count": 0, "adult": 0, "movie_id": 814757, "vote_average": 0.0, "popularity": 14.637, "release_date": "2022-11-12", "overview": "", "genre": [7, 14]}}, {"model": "movies.movie", "pk": 193, "fields": {"poster_path": "/eGPJaXDnW8Bsb2Dy51MHmXkcF4J.jpg", "backdrop_path": "/bBFpkBVlOR2qeT6oE3W9uPkfNOr.jpg", "original_title": "동감", "title": "동감", "original_language": "ko", "runtime": 114, "revenue": 0, "budget": 0, "vote_count": 0, "adult": 0, "movie_id": 962489, "vote_average": 0.0, "popularity": 24.864, "release_date": "2022-11-16", "overview": "1999년, 용은 첫눈에 반하게 된 한솔을 사로잡기 위해 친구에게 HAM 무전기를 빌린다. 2022년, 무늬는 인터뷰 과제를 위해 오래된 HAM 무전기를 작동시킨다. 개기 월식이 일어난 날, 시간을 뛰어넘어 기적처럼 연결된 용과 무늬는 서로의 사랑과 우정을 이야기하며 특별한 감정을 쌓아가는데...", "genre": [7, 14]}}, {"model": "movies.movie", "pk": 194, "fields": {"poster_path": "/5v3grtPk3QSdjDP8ggpylA3hgIy.jpg", "backdrop_path": "/2uRMlptbfEpXVU4uj6wDljHAzFD.jpg", "original_title": "The System", "title": "The System", "original_language": "en", "runtime": 97, "revenue": 0, "budget": 0, "vote_count": 6, "adult": 0, "movie_id": 1024627, "vote_average": 5.2, "popularity": 24.618, "release_date": "2022-10-28", "overview": "", "genre": [1, 5]}}, {"model": "movies.movie", "pk": 195, "fields": {"poster_path": "/hBkTcM3xhNCDaSn08RxvcFAejUJ.jpg", "backdrop_path": "/9zof8PxuojWwlOZL12F4EDZHGLi.jpg", "original_title": "Old Man", "title": "올드맨", "original_language": "en", "runtime": 97, "revenue": 0, "budget": 0, "vote_count": 36, "adult": 0, "movie_id": 766220, "vote_average": 6.4, "popularity": 15.221, "release_date": "2022-10-14", "overview": "", "genre": [11, 17]}}, {"model": "movies.movie", "pk": 196, "fields": {"poster_path": "/n0tXekc9HOwju6meGAWBrEO84zQ.jpg", "backdrop_path": "/pN4PWj3Nxn0YOkNK1EwOT1OW35v.jpg", "original_title": "Aisha", "title": "아이샤", "original_language": "en", "runtime": 94, "revenue": 0, "budget": 0, "vote_count": 0, "adult": 0, "movie_id": 820880, "vote_average": 0.0, "popularity": 15.205, "release_date": "2022-11-17", "overview": "", "genre": [7]}}, {"model": "movies.movie", "pk": 197, "fields": {"poster_path": "/XMumxcAt1NOTdD60qVy8TcaVov.jpg", "backdrop_path": "/p9R163gjE6Z5g4eWY1qnvU4vbW2.jpg", "original_title": "Corsage", "title": "코르사주", "original_language": "de", "runtime": 112, "revenue": 537274, "budget": 7580600, "vote_count": 14, "adult": 0, "movie_id": 888321, "vote_average": 7.0, "popularity": 12.807, "release_date": "2022-07-07", "overview": "1877년 비엔나, 엘리자베스 황후는 마흔에 접어든다. 유럽의 트렌드를 좌우하던 그는 이제 사회적 노년이라는 위협에 맞서야 한다. 코르셋을 조이고, 몸무게를 줄이고, 화려한 외유를 반복하지만, 젊고 아름다운 순간으로 시간을 되돌릴 수는 없다.", "genre": [7, 10]}}, {"model": "movies.movie", "pk": 198, "fields": {"poster_path": "/enSxhi8dR4hwbUfOwH10EBwlYZB.jpg", "backdrop_path": "/dsR1aKJRVpyMjE3bw9lz7prK98X.jpg", "original_title": "Morgan y los Super Bichillos", "title": "Morgan y los Super Bichillos", "original_language": "es", "runtime": 90, "revenue": 0, "budget": 0, "vote_count": 1, "adult": 0, "movie_id": 1039268, "vote_average": 6.0, "popularity": 14.271, "release_date": "2022-10-06", "overview": "", "genre": []}}, {"model": "movies.movie", "pk": 199, "fields": {"poster_path": "/c83Jk9GUOgSWe5lHeT20cMYbyCU.jpg", "backdrop_path": "/cbMQE5ymjorkyw1U8KUtTNacvA9.jpg", "original_title": "Azor", "title": "아소르", "original_language": "fr", "runtime": 100, "revenue": 74701, "budget": 0, "vote_count": 49, "adult": 0, "movie_id": 659954, "vote_average": 6.3, "popularity": 17.552, "release_date": "2021-09-10", "overview": "", "genre": [7, 17]}}, {"model": "movies.movie", "pk": 200, "fields": {"poster_path": "/zI0rMYcSUx16pHnsegWExPf1kDF.jpg", "backdrop_path": "/aRJjCgp4uVUkXhDw8NClesQXbt3.jpg", "original_title": "헌트", "title": "헌트", "original_language": "ko", "runtime": 131, "revenue": 0, "budget": 0, "vote_count": 38, "adult": 0, "movie_id": 727340, "vote_average": 6.9, "popularity": 15.611, "release_date": "2022-08-10", "overview": "북한 고위 관리가 망명을 요청한 이후, 안기부 해외팀 차장 박평호와 국내팀 차장 김정도는 동림으로 알려진 안기부 내 스파이, 남파간첩 총책임자를 밝혀내는 임무를 맡는다. 이윽고 동림이 국가 안보를 위태롭게 할 1급 비밀 정보를 누설하기 시작하고 안기부의 해외팀과 국내팀은 서로를 조사하기에 이른다. 당장 스파이를 밝혀내지 못하면 자신이 혐의를 받을 수 있는 일촉즉발의 상황에서 평호와 정도는 서서히 진실을 찾아내고, 마침내 대한민국 1호 암살 작전이라는 거대한 사건과 직면하게 되는데...", "genre": [1, 17]}}, {"model": "sites.site", "pk": 1, "fields": {"domain": "example.com", "name": "example.com"}}, {"model": "contenttypes.contenttype", "pk": 1, "fields": {"app_label": "admin", "model": "logentry"}}, {"model": "contenttypes.contenttype", "pk": 2, "fields": {"app_label": "auth", "model": "permission"}}, {"model": "contenttypes.contenttype", "pk": 3, "fields": {"app_label": "auth", "model": "group"}}, {"model": "contenttypes.contenttype", "pk": 4, "fields": {"app_label": "accounts", "model": "user"}}, {"model": "contenttypes.contenttype", "pk": 5, "fields": {"app_label": "accounts", "model": "useraddfield"}}, {"model": "contenttypes.contenttype", "pk": 6, "fields": {"app_label": "journals", "model": "journal"}}, {"model": "contenttypes.contenttype", "pk": 7, "fields": {"app_label": "journals", "model": "comment"}}, {"model": "contenttypes.contenttype", "pk": 8, "fields": {"app_label": "movies", "model": "genre"}}, {"model": "contenttypes.contenttype", "pk": 9, "fields": {"app_label": "movies", "model": "movie"}}, {"model": "contenttypes.contenttype", "pk": 10, "fields": {"app_label": "authtoken", "model": "token"}}, {"model": "contenttypes.contenttype", "pk": 11, "fields": {"app_label": "authtoken", "model": "tokenproxy"}}, {"model": "contenttypes.contenttype", "pk": 12, "fields": {"app_label": "sites", "model": "site"}}, {"model": "contenttypes.contenttype", "pk": 13, "fields": {"app_label": "account", "model": "emailaddress"}}, {"model": "contenttypes.contenttype", "pk": 14, "fields": {"app_label": "account", "model": "emailconfirmation"}}, {"model": "contenttypes.contenttype", "pk": 15, "fields": {"app_label": "socialaccount", "model": "socialaccount"}}, {"model": "contenttypes.contenttype", "pk": 16, "fields": {"app_label": "socialaccount", "model": "socialapp"}}, {"model": "contenttypes.contenttype", "pk": 17, "fields": {"app_label": "socialaccount", "model": "socialtoken"}}, {"model": "contenttypes.contenttype", "pk": 18, "fields": {"app_label": "contenttypes", "model": "contenttype"}}, {"model": "contenttypes.contenttype", "pk": 19, "fields": {"app_label": "sessions", "model": "session"}}]